@inproceedings{zhang2021exact,
  title={Exact Feature Distribution Matching for Arbitrary Style Transfer and Domain Generalization},
  author={Zhang, Yabin and Li, Minghan and Li, Ruihuang and Jia, Kui and Zhang, Lei},
  booktitle={CVPR},
  year={2022}
}

@article{paszke2017automatic,
  title={Automatic differentiation in PyTorch},
  author={Paszke, Adam and Gross, Sam and Chintala, Soumith and Chanan, Gregory and Yang, Edward and DeVito, Zachary and Lin, Zeming and Desmaison, Alban and Antiga, Luca and Lerer, Adam},
  year={2017}
}

@inproceedings{li2017demystifying,
  title={Demystifying neural style transfer},
  author={Li, Yanghao and Wang, Naiyan and Liu, Jiaying and Hou, Xiaodi},
  booktitle={Proceedings of the 26th International Joint Conference on Artificial Intelligence},
  pages={2230--2236},
  year={2017}
}

@inproceedings{huang2017arbitrary,
  title={Arbitrary style transfer in real-time with adaptive instance normalization},
  author={Huang, Xun and Belongie, Serge},
  booktitle={Proceedings of the IEEE international conference on computer vision},
  pages={1501--1510},
  year={2017}
}

@inproceedings{li2019optimal,
  title={Optimal transport of deep feature for image style transfer},
  author={Li, Pan and Zhao, Lei and Xu, Duanqing and Lu, Dongming},
  booktitle={Proceedings of the 2019 4th International Conference on Multimedia Systems and Signal Processing},
  pages={167--171},
  year={2019}
}

@inproceedings{lu2019closed,
  title={A closed-form solution to universal style transfer},
  author={Lu, Ming and Zhao, Hao and Yao, Anbang and Chen, Yurong and Xu, Feng and Zhang, Li},
  booktitle={Proceedings of the IEEE/CVF International Conference on Computer Vision},
  pages={5952--5961},
  year={2019}
}

@inproceedings{mroueh2020wasserstein,
  title={Wasserstein Style Transfer},
  author={Mroueh, Youssef},
  booktitle={International Conference on Artificial Intelligence and Statistics},
  pages={842--852},
  year={2020},
  organization={PMLR}
}

@inproceedings{zhou2020domain,
  title={Domain Generalization with MixStyle},
  author={Zhou, Kaiyang and Yang, Yongxin and Qiao, Yu and Xiang, Tao},
  booktitle={International Conference on Learning Representations},
  year={2020}
}

@article{kalischek2021light,
      title={In the light of feature distributions: moment matching for Neural Style Transfer}, 
      author={Nikolai Kalischek and Jan Dirk Wegner and Konrad Schindler},
      year={2021},
      eprint={2103.07208},
      archivePrefix={arXiv},
      primaryClass={cs.CV}
}

@book{van2000asymptotic,
  title={Asymptotic statistics},
  author={Van der Vaart, Aad W},
  volume={3},
  year={2000},
  publisher={Cambridge university press}
}

@article{rolland2000fast,
  title={Fast algorithms for histogram matching: Application to texture synthesis},
  author={Rolland, Jannick P and Vo, V and Bloss, B and Abbey, Craig K},
  journal={Journal of Electronic Imaging},
  volume={9},
  number={1},
  pages={39--45},
  year={2000},
  publisher={SPIE}
}

@inproceedings{kinli2023modeling,
  title={Modeling the Lighting in Scenes as Style for Auto White-Balance Correction},
  author={K{\i}nl{\i}, Furkan and Y{\i}lmaz, Do{\u{g}}a and {\"O}zcan, Bar{\i}{\c{s}} and K{\i}ra{\c{c}}, Furkan},
  booktitle={Proceedings of the IEEE/CVF Winter Conference on Applications of Computer Vision},
  pages={4903--4913},
  year={2023}
}

@inproceedings{chen2021exploring,
  title={Exploring simple siamese representation learning},
  author={Chen, Xinlei and He, Kaiming},
  booktitle={Proceedings of the IEEE/CVF Conference on Computer Vision and Pattern Recognition},
  pages={15750--15758},
  year={2021}
}

@inproceedings{lin2014microsoft,
  title={Microsoft coco: Common objects in context},
  author={Lin, Tsung-Yi and Maire, Michael and Belongie, Serge and Hays, James and Perona, Pietro and Ramanan, Deva and Doll{\'a}r, Piotr and Zitnick, C Lawrence},
  booktitle={European conference on computer vision},
  pages={740--755},
  year={2014},
  organization={Springer}
}

@article{artgan2018,
  title={Improved ArtGAN for Conditional Synthesis of Natural Image and Artwork},
  author={Tan, Wei Ren and Chan, Chee Seng and Aguirre, Hernan and Tanaka, Kiyoshi},
  journal={IEEE Transactions on Image Processing},
  volume    = {28},
  number    = {1},
  pages     = {394--409},
  year      = {2019},
  url       = {https://doi.org/10.1109/TIP.2018.2866698},
  doi       = {10.1109/TIP.2018.2866698}
}

@inproceedings{li2017deeper,
  title={Deeper, broader and artier domain generalization},
  author={Li, Da and Yang, Yongxin and Song, Yi-Zhe and Hospedales, Timothy M},
  booktitle={Proceedings of the IEEE international conference on computer vision},
  pages={5542--5550},
  year={2017}
}

@inproceedings{zheng2015scalable,
  title={Scalable person re-identification: A benchmark},
  author={Zheng, Liang and Shen, Liyue and Tian, Lu and Wang, Shengjin and Wang, Jingdong and Tian, Qi},
  booktitle={Proceedings of the IEEE international conference on computer vision},
  pages={1116--1124},
  year={2015}
}

@inproceedings{loy2009multi,
  title={Multi-camera activity correlation analysis},
  author={Loy, Chen Change and Xiang, Tao and Gong, Shaogang},
  booktitle={2009 IEEE Conference on Computer Vision and Pattern Recognition},
  pages={1988--1995},
  year={2009},
  organization={IEEE}
}

@article{kingma2014adam,
  title={Adam: A method for stochastic optimization},
  author={Kingma, Diederik P and Ba, Jimmy},
  journal={arXiv preprint arXiv:1412.6980},
  year={2014}
}

@inproceedings{gatys2016image,
  title={Image style transfer using convolutional neural networks},
  author={Gatys, Leon A and Ecker, Alexander S and Bethge, Matthias},
  booktitle={Proceedings of the IEEE conference on computer vision and pattern recognition},
  pages={2414--2423},
  year={2016}
}

@article{simonyan2014very,
  title={Very deep convolutional networks for large-scale image recognition},
  author={Simonyan, Karen and Zisserman, Andrew},
  journal={arXiv preprint arXiv:1409.1556},
  year={2014}
}

@inproceedings{maas2013rectifier,
  title={Rectifier nonlinearities improve neural network acoustic models},
  author={Maas, Andrew L and Hannun, Awni Y and Ng, Andrew Y and others},
  booktitle={Proc. icml},
  volume={30},
  number={1},
  pages={3},
  year={2013},
  organization={Atlanta, Georgia, USA}
}

@inproceedings{he2016deep,
  title={Deep residual learning for image recognition},
  author={He, Kaiming and Zhang, Xiangyu and Ren, Shaoqing and Sun, Jian},
  booktitle={Proceedings of the IEEE conference on computer vision and pattern recognition},
  pages={770--778},
  year={2016}
}

@inproceedings{luan2017deep,
  title={Deep photo style transfer},
  author={Luan, Fujun and Paris, Sylvain and Shechtman, Eli and Bala, Kavita},
  booktitle={Proceedings of the IEEE conference on computer vision and pattern recognition},
  pages={4990--4998},
  year={2017}
}

@InProceedings{Afifi_2022_WACV,
    author    = {Afifi, Mahmoud and Brubaker, Marcus A. and Brown, Michael S.},
    title     = {Auto White-Balance Correction for Mixed-Illuminant Scenes},
    booktitle = {Proceedings of the IEEE/CVF Winter Conference on Applications of Computer Vision (WACV)},
    month     = {01},
    year      = {2022},
    pages     = {1210-1219}
}