@article{domaingen2021,
  author    = {Divyat Mahajan and
               Shruti Tople and
               Amit Sharma},
  title     = {Domain Generalization using Causal Matching},
  journal   = {CoRR},
  volume    = {abs/2006.07500},
  year      = {2020},
  url       = {https://arxiv.org/abs/2006.07500},
  eprinttype = {arXiv},
  eprint    = {2006.07500},
  timestamp = {Wed, 11 Aug 2021 09:02:33 +0200},
  biburl    = {https://dblp.org/rec/journals/corr/abs-2006-07500.bib},
  bibsource = {dblp computer science bibliography, https://dblp.org}
}


@article{DBLP:journals/corr/abs-1807-04975,
  author    = {Sara Beery and
               Grant Van Horn and
               Pietro Perona},
  title     = {Recognition in Terra Incognita},
  journal   = {CoRR},
  volume    = {abs/1807.04975},
  year      = {2018},
  url       = {http://arxiv.org/abs/1807.04975},
  eprinttype = {arXiv},
  eprint    = {1807.04975},
  timestamp = {Mon, 13 Aug 2018 16:48:11 +0200},
  biburl    = {https://dblp.org/rec/journals/corr/abs-1807-04975.bib},
  bibsource = {dblp computer science bibliography, https://dblp.org}
}


@article{DBLP:journals/corr/abs-1710-03077,
  author    = {Da Li and
               Yongxin Yang and
               Yi{-}Zhe Song and
               Timothy M. Hospedales},
  title     = {Deeper, Broader and Artier Domain Generalization},
  journal   = {CoRR},
  volume    = {abs/1710.03077},
  year      = {2017},
  url       = {http://arxiv.org/abs/1710.03077},
  eprinttype = {arXiv},
  eprint    = {1710.03077},
  timestamp = {Fri, 23 Jul 2021 17:10:32 +0200},
  biburl    = {https://dblp.org/rec/journals/corr/abs-1710-03077.bib},
  bibsource = {dblp computer science bibliography, https://dblp.org}
}

@unknown{ssdafcvt_PACS,
author = {Xu, Jiaolong and Xiao, Liang and López, Antonio},
year = {2019},
month = {07},
pages = {},
title = {Self-supervised Domain Adaptation for Computer Vision Tasks}
}

@misc{chexpert,
title = {Stanfordmlgroup.github.io. 2021. CheXpert: A Large Dataset of Chest X-Rays and Competition for Automated Chest X-Ray Interpretation.. [online] Available at: <https://stanfordmlgroup.github.io/competitions/chexpert/> [Accessed 10 December 2021].},
url={https://stanfordmlgroup.github.io/competitions/chexpert/}, 
journal={Stanfordmlgroup.github.io}, 
year={} 
}

@misc{MNIST, 
title={LeCun, Y., Cortes, C. and J.C. Burges, C., 2021. MNIST handwritten digit database, Yann LeCun, Corinna Cortes and Chris Burges. [online] Yann.lecun.com. Available at: <http://yann.lecun.com/exdb/mnist/> [Accessed 10 December 2021].}, url={http://yann.lecun.com/exdb/mnist/}, journal={Yann.lecun.com}, 
author={LeCun, Yann and Cortes, Corinna and J.C. Burges, Christopher}, 
year={} 
}


@online{fashionMNIST,
  author       = {Han Xiao and Kashif Rasul and Roland Vollgraf},
  title        = {Fashion-MNIST: a Novel Image Dataset for Benchmarking Machine Learning Algorithms},
  date         = {2017-08-28},
  year         = {2017},
  eprintclass  = {cs.LG},
  eprinttype   = {arXiv},
  eprint       = {cs.LG/1708.07747},
}

@inproceedings{wang2017chestx,
  title={Chestx-ray8: Hospital-scale chest x-ray database and benchmarks on weakly-supervised classification and localization of common thorax diseases},
  author={Wang, Xiaosong and Peng, Yifan and Lu, Le and Lu, Zhiyong and Bagheri, Mohammadhadi and Summers, Ronald M},
  booktitle={Proceedings of the IEEE conference on computer vision and pattern recognition},
  pages={2097--2106},
  year={2017}
}

@inproceedings{ghifary2015domain,
  title={Domain generalization for object recognition with multi-task autoencoders},
  author={Ghifary, Muhammad and Kleijn, W Bastiaan and Zhang, Mengjie and Balduzzi, David},
  booktitle={Proceedings of the IEEE international conference on computer vision},
  pages={2551--2559},
  year={2015}
}

@inproceedings{li2018domain,
  title={Domain generalization via conditional invariant representations},
  author={Li, Ya and Gong, Mingming and Tian, Xinmei and Liu, Tongliang and Tao, Dacheng},
  booktitle={Proceedings of the AAAI Conference on Artificial Intelligence},
  volume={32},
  number={1},
  year={2018}
}

@inproceedings{piratla2020efficient,
  title={Efficient domain generalization via common-specific low-rank decomposition},
  author={Piratla, Vihari and Netrapalli, Praneeth and Sarawagi, Sunita},
  booktitle={International Conference on Machine Learning},
  pages={7728--7738},
  year={2020},
  organization={PMLR}
}

@article{dou2019domain,
  title={Domain generalization via model-agnostic learning of semantic features},
  author={Dou, Qi and Coelho de Castro, Daniel and Kamnitsas, Konstantinos and Glocker, Ben},
  journal={Advances in Neural Information Processing Systems},
  volume={32},
  pages={6450--6461},
  year={2019}
}

@inproceedings{motiian2017unified,
  title={Unified deep supervised domain adaptation and generalization},
  author={Motiian, Saeid and Piccirilli, Marco and Adjeroh, Donald A and Doretto, Gianfranco},
  booktitle={Proceedings of the IEEE international conference on computer vision},
  pages={5715--5725},
  year={2017}
}

@inproceedings{sun2016deep,
  title={Deep coral: Correlation alignment for deep domain adaptation},
  author={Sun, Baochen and Saenko, Kate},
  booktitle={European conference on computer vision},
  pages={443--450},
  year={2016},
  organization={Springer}
}

@inproceedings{li2018domain,
  title={Domain generalization with adversarial feature learning},
  author={Li, Haoliang and Pan, Sinno Jialin and Wang, Shiqi and Kot, Alex C},
  booktitle={Proceedings of the IEEE Conference on Computer Vision and Pattern Recognition},
  pages={5400--5409},
  year={2018}
}

@inproceedings{li2018deep,
  title={Deep domain generalization via conditional invariant adversarial networks},
  author={Li, Ya and Tian, Xinmei and Gong, Mingming and Liu, Yajing and Liu, Tongliang and Zhang, Kun and Tao, Dacheng},
  booktitle={Proceedings of the European Conference on Computer Vision (ECCV)},
  pages={624--639},
  year={2018}
}

@inproceedings{irvin2019chexpert,
  title={Chexpert: A large chest radiograph dataset with uncertainty labels and expert comparison},
  author={Irvin, Jeremy and Rajpurkar, Pranav and Ko, Michael and Yu, Yifan and Ciurea-Ilcus, Silviana and Chute, Chris and Marklund, Henrik and Haghgoo, Behzad and Ball, Robyn and Shpanskaya, Katie and others},
  booktitle={Proceedings of the AAAI conference on artificial intelligence},
  volume={33},
  number={01},
  pages={590--597},
  year={2019}
}

@inproceedings{Kaggle,
title = {Rsna pneumonia detection challenge},
year = {2018}, 
URL = {https//www.kaggle.com/c/rsna-pneumonia-detection-challenge}
}

@misc{chars74k, 
title = {Ee.surrey.ac.uk. 2021. The Chars74K image dataset - Character Recognition in Natural Images. [online] Available at: <http://www.ee.surrey.ac.uk/CVSSP/demos/chars74k/> [Accessed 10 December 2021].},
url={http://www.ee.surrey.ac.uk/CVSSP/demos/chars74k/}, 
journal={Ee.surrey.ac.uk}, 
year={} }

@article{ganin2016domain,
  title={Domain-adversarial training of neural networks},
  author={Ganin, Yaroslav and Ustinova, Evgeniya and Ajakan, Hana and Germain, Pascal and Larochelle, Hugo and Laviolette, Fran{\c{c}}ois and Marchand, Mario and Lempitsky, Victor},
  journal={The journal of machine learning research},
  volume={17},
  number={1},
  pages={2096--2030},
  year={2016},
  publisher={JMLR. org}
}



@misc{slab, 
title={Adalabucsd.github.io. 2021. ADA Lab @ UCSD. [online] Available at: <https://adalabucsd.github.io/slab.html> [Accessed 11 December 2021].},
url={https://adalabucsd.github.io/slab.html}, 
journal={Adalabucsd.github.io}, year={} }


@article{resnet18and50,
  author    = {Kaiming He and
               Xiangyu Zhang and
               Shaoqing Ren and
               Jian Sun},
  title     = {Deep Residual Learning for Image Recognition},
  journal   = {CoRR},
  volume    = {abs/1512.03385},
  year      = {2015},
  url       = {http://arxiv.org/abs/1512.03385},
  eprinttype = {arXiv},
  eprint    = {1512.03385},
  timestamp = {Wed, 17 Apr 2019 17:23:45 +0200},
  biburl    = {https://dblp.org/rec/journals/corr/HeZRS15.bib},
  bibsource = {dblp computer science bibliography, https://dblp.org}
}


@inproceedings{alexnet,
 author = {Krizhevsky, Alex and Sutskever, Ilya and Hinton, Geoffrey E},
 booktitle = {Advances in Neural Information Processing Systems},
 editor = {F. Pereira and C. J. C. Burges and L. Bottou and K. Q. Weinberger},
 pages = {},
 publisher = {Curran Associates, Inc.},
 title = {ImageNet Classification with Deep Convolutional Neural Networks},
 url = {https://proceedings.neurips.cc/paper/2012/file/c399862d3b9d6b76c8436e924a68c45b-Paper.pdf},
 volume = {25},
 year = {2012}
}


@misc{irm,
      title={Invariant Risk Minimization}, 
      author={Martin Arjovsky and Léon Bottou and Ishaan Gulrajani and David Lopez-Paz},
      year={2020},
      eprint={1907.02893},
      archivePrefix={arXiv},
      primaryClass={stat.ML}
}


@misc{rsc,
      title={Self-Challenging Improves Cross-Domain Generalization}, 
      author={Zeyi Huang and Haohan Wang and Eric P. Xing and Dong Huang},
      year={2020},
      eprint={2007.02454},
      archivePrefix={arXiv},
      primaryClass={cs.CV}
}


@misc{jigen,
      title={Domain Generalization by Solving Jigsaw Puzzles}, 
      author={Fabio Maria Carlucci and Antonio D'Innocente and Silvia Bucci and Barbara Caputo and Tatiana Tommasi},
      year={2019},
      eprint={1903.06864},
      archivePrefix={arXiv},
      primaryClass={cs.CV}
}

@article{ddaig, title={Deep Domain-Adversarial Image Generation for Domain Generalisation}, volume={34}, url={https://ojs.aaai.org/index.php/AAAI/article/view/7003}, DOI={10.1609/aaai.v34i07.7003}, abstractNote={&lt;p&gt;Machine learning models typically suffer from the domain shift problem when trained on a source dataset and evaluated on a target dataset of different distribution. To overcome this problem, domain generalisation (DG) methods aim to leverage data from multiple source domains so that a trained model can generalise to unseen domains. In this paper, we propose a novel DG approach based on &lt;em&gt;Deep Domain-Adversarial Image Generation&lt;/em&gt; (DDAIG). Specifically, DDAIG consists of three components, namely a label classifier, a domain classifier and a domain transformation network (DoTNet). The goal for DoTNet is to map the source training data to unseen domains. This is achieved by having a learning objective formulated to ensure that the generated data can be correctly classified by the label classifier while fooling the domain classifier. By augmenting the source training data with the generated unseen domain data, we can make the label classifier more robust to unknown domain changes. Extensive experiments on four DG datasets demonstrate the effectiveness of our approach.&lt;/p&gt;}, number={07}, journal={Proceedings of the AAAI Conference on Artificial Intelligence}, author={Zhou, Kaiyang and Yang, Yongxin and Hospedales, Timothy and Xiang, Tao}, year={2020}, month={Apr.}, pages={13025-13032} }


@misc{sagnet,
      title={Reducing Domain Gap by Reducing Style Bias}, 
      author={Hyeonseob Nam and HyunJae Lee and Jongchan Park and Wonjun Yoon and Donggeun Yoo},
      year={2021},
      eprint={1910.11645},
      archivePrefix={arXiv},
      primaryClass={cs.CV}
}


@misc{g2dm,
      title={Generalizing to unseen domains via distribution matching}, 
      author={Isabela Albuquerque and João Monteiro and Mohammad Darvishi and Tiago H. Falk and Ioannis Mitliagkas},
      year={2021},
      eprint={1911.00804},
      archivePrefix={arXiv},
      primaryClass={cs.LG}
}

@misc{ddec,
      title={Towards Shape Biased Unsupervised Representation Learning for Domain Generalization}, 
      author={Nader Asadi and Amir M. Sarfi and Mehrdad Hosseinzadeh and Zahra Karimpour and Mahdi Eftekhari},
      year={2020},
      eprint={1909.08245},
      archivePrefix={arXiv},
      primaryClass={cs.CV}
}
