@misc{hgn,
      title={Hamiltonian Generative Networks}, 
      author={Peter Toth and Danilo Jimenez Rezende and Andrew Jaegle and Sébastien Racanière and Aleksandar Botev and Irina Higgins},
      year={2020},
      eprint={1909.13789},
      archivePrefix={arXiv},
      primaryClass={cs.LG}
}

@article{segovia2018one,
  title={The one-dimensional harmonic oscillator damped with Caldirola-Kanai Hamiltonian},
  author={Segovia-Chaves, Francis},
  journal={Revista mexicana de f{\'\i}sica E},
  volume={64},
  number={1},
  pages={47--51},
  year={2018},
  publisher={Sociedad Mexicana de F{\'\i}sica}
}

@article{rk4,
  title={Comparing numerical methods for ordinary differential equations},
  author={Hull, TE and Enright, WH and Fellen, BM and Sedgwick, AE},
  journal={SIAM Journal on Numerical Analysis},
  volume={9},
  number={4},
  pages={603--637},
  year={1972},
  publisher={SIAM}
}


@misc{vae,
      title={Auto-Encoding Variational Bayes}, 
      author={Diederik P Kingma and Max Welling},
      year={2014},
      eprint={1312.6114},
      archivePrefix={arXiv},
      primaryClass={stat.ML}
}

@book{hamilton,
  added-at = {2011-08-23T10:21:40.000+0200},
  author = {Goldstein, Herbert},
  biburl = {https://www.bibsonomy.org/bibtex/214fd8bdf635378c1cb0259b598386bde/jgurian},
  groups = {public},
  interhash = {6d2dd3d33491ec62a06fc5210c7983d6},
  intrahash = {14fd8bdf635378c1cb0259b598386bde},
  keywords = {},
  mendeley-groups = {Complete Library},
  publisher = {Addison-Wesley},
  timestamp = {2011-08-23T10:21:40.000+0200},
  title = {Classical Mechanics},
  username = {jgurian},
  year = 1980
}

@misc{geco,
      title={Taming VAEs}, 
      author={Danilo Jimenez Rezende and Fabio Viola},
      year={2018},
      eprint={1810.00597},
      archivePrefix={arXiv},
      primaryClass={stat.ML}
}

@INBOOK{rnn,
  author={D. E. {Rumelhart} and J. L. {McClelland}},
  booktitle={Parallel Distributed Processing: Explorations in the Microstructure of Cognition: Foundations}, 
  title={Learning Internal Representations by Error Propagation}, 
  year={1987},
  volume={},
  number={},
  pages={318-362},
  doi={}}
  
 @inproceedings{beta-vae,
  title={beta-VAE: Learning Basic Visual Concepts with a Constrained Variational Framework},
  author={I. Higgins and Lo{\"i}c Matthey and A. Pal and C. Burgess and Xavier Glorot and M. Botvinick and S. Mohamed and Alexander Lerchner},
  booktitle={ICLR},
  year={2017}
}

@incollection{pytorch,
title = {PyTorch: An Imperative Style, High-Performance Deep Learning Library},
author = {Paszke, Adam and Gross, Sam and Massa, Francisco and Lerer, Adam and Bradbury, James and Chanan, Gregory and Killeen, Trevor and Lin, Zeming and Gimelshein, Natalia and Antiga, Luca and Desmaison, Alban and Kopf, Andreas and Yang, Edward and DeVito, Zachary and Raison, Martin and Tejani, Alykhan and Chilamkurthy, Sasank and Steiner, Benoit and Fang, Lu and Bai, Junjie and Chintala, Soumith},
booktitle = {Advances in Neural Information Processing Systems 32},
editor = {H. Wallach and H. Larochelle and A. Beygelzimer and F. d\textquotesingle Alch\'{e}-Buc and E. Fox and R. Garnett},
pages = {8024--8035},
year = {2019},
publisher = {Curran Associates, Inc.},
url = {http://papers.neurips.cc/paper/9015-pytorch-an-imperative-style-high-performance-deep-learning-library.pdf}
}

@misc{hnn,
      title={Hamiltonian Neural Networks}, 
      author={Sam Greydanus and Misko Dzamba and Jason Yosinski},
      year={2019},
      eprint={1906.01563},
      archivePrefix={arXiv},
      primaryClass={cs.NE}
}

@misc{adam,
      title={Adam: A Method for Stochastic Optimization}, 
      author={Diederik P. Kingma and Jimmy Ba},
      year={2017},
      eprint={1412.6980},
      archivePrefix={arXiv},
      primaryClass={cs.LG}
}

@inproceedings{yoshida1992symplectic,
  title={Symplectic integrators for Hamiltonian systems: basic theory},
  author={Yoshida, Haruo},
  booktitle={Symposium-International Astronomical Union},
  volume={152},
  pages={407--411},
  year={1992},
  organization={Cambridge University Press}
}


@article{neal2011mcmc,
  title={MCMC using Hamiltonian dynamics},
  author={Neal, Radford M and others},
  journal={Handbook of markov chain monte carlo},
  volume={2},
  number={11},
  pages={2},
  year={2011}
}


@misc{karras2018progressive,
      title={Progressive Growing of GANs for Improved Quality, Stability, and Variation}, 
      author={Tero Karras and Timo Aila and Samuli Laine and Jaakko Lehtinen},
      year={2018},
      eprint={1710.10196},
      archivePrefix={arXiv},
      primaryClass={cs.NE}
}

@book{hidden_p_trick,
  added-at = {2015-03-24T17:28:34.000+0100},
  author = {Brooks, Steve and Gelman, Andrew and Jones, Galin and Meng, Xiao-Li},
  biburl = {https://www.bibsonomy.org/bibtex/22b8d02bec832fa945b62ecf7808614bf/becker},
  interhash = {0b127e40d41a970274484b65a7e0744f},
  intrahash = {2b8d02bec832fa945b62ecf7808614bf},
  keywords = {carlo chain diss handbook inthesis markov mcmc monte},
  publisher = {CRC press},
  timestamp = {2017-08-04T09:03:42.000+0200},
  title = {Handbook of Markov Chain Monte Carlo},
  year = 2011
}


@ARTICLE{scipy,
  author  = {Virtanen, Pauli and Gommers, Ralf and Oliphant, Travis E. and
            Haberland, Matt and Reddy, Tyler and Cournapeau, David and
            Burovski, Evgeni and Peterson, Pearu and Weckesser, Warren and
            Bright, Jonathan and {van der Walt}, St{\'e}fan J. and
            Brett, Matthew and Wilson, Joshua and Millman, K. Jarrod and
            Mayorov, Nikolay and Nelson, Andrew R. J. and Jones, Eric and
            Kern, Robert and Larson, Eric and Carey, C J and
            Polat, {\.I}lhan and Feng, Yu and Moore, Eric W. and
            {VanderPlas}, Jake and Laxalde, Denis and Perktold, Josef and
            Cimrman, Robert and Henriksen, Ian and Quintero, E. A. and
            Harris, Charles R. and Archibald, Anne M. and
            Ribeiro, Ant{\^o}nio H. and Pedregosa, Fabian and
            {van Mulbregt}, Paul and {SciPy 1.0 Contributors}},
  title   = {{{SciPy} 1.0: Fundamental Algorithms for Scientific
            Computing in Python}},
  journal = {Nature Methods},
  year    = {2020},
  volume  = {17},
  pages   = {261--272},
  adsurl  = {https://rdcu.be/b08Wh},
  doi     = {10.1038/s41592-019-0686-2},
}

@article{opencv_library,
    author = {Bradski, G.},
    citeulike-article-id = {2236121},
    journal = {Dr. Dobb's Journal of Software Tools},
    keywords = {bibtex-import},
    posted-at = {2008-01-15 19:21:54},
    priority = {4},
    title = {{The OpenCV Library}},
    year = {2000}
}
