@article {lov-sze,
    AUTHOR = {Lov\'{a}sz, L\'{a}szl\'{o} and Szegedy, Bal\'{a}zs},
     TITLE = {Limits of dense graph sequences},
   JOURNAL = {J. Combin. Theory Ser. B},
  FJOURNAL = {Journal of Combinatorial Theory. Series B},
    VOLUME = {96},
      YEAR = {2006},
    NUMBER = {6},
     PAGES = {933--957},
      ISSN = {0095-8956},
   MRCLASS = {05C35 (05C50 05C80)},
  MRNUMBER = {2274085},
MRREVIEWER = {Yoshiharu Kohayakawa},
       DOI = {10.1016/j.jctb.2006.05.002},
       URL = {https://doi.org/10.1016/j.jctb.2006.05.002},
}