
% @article{,
%   title={},
%   author={},
%   journal={},
%   year={}
% }

@article{piratla2022focus,
  title={Focus on the Common Good: Group Distributional Robustness Follows},
  author={Piratla, Vihari and Netrapalli, Praneeth and Sarawagi, Sunita},
  journal={Proceedings of the International Conference on Learning Representations},
  year={2022}
}

@article{sagawa2020distributionally,
  title={Distributionally robust neural networks for group shifts: On the importance of regularization for worst-case generalization},
  author={Sagawa, Shiori and Koh, Pang Wei and Hashimoto, Tatsunori B and Liang, Percy},
  journal={Proceedings of the International Conference on Learning Representations},
  year={2020}
}

@article{faruk2021pgi,
  title={Systematic generalisation with group invariant predictions},
  author={Faruk Ahmed and Yoshua Bengio and Harm van Seijen and Aaron Courville},
  journal={Proceedings of the International Conference on Learning Representations},
  year={2021}
}

@article{sun2016coral,
  title={Deep CORAL: correlation alignment for deep domain adaptation},
  author={Baochen Sun and Kate Saenko},
  journal={Proceedings of the European Conference on Computer Vision},
  year={2016}
}

@article{arjovsky2020irm,
  title={Invariant risk minimization},
  author={Martin Arjovsky and LÃ©on Bottou and Ishaan Gulrajani and David Lopez-Paz},
  journal={arXiv preprint arXiv:1907.02893},
  year={2020}
}

@article{koh2021wilds,
  title={Wilds: A benchmark of in-the-wild distribution shifts},
  author={Koh, Pang Wei and Sagawa, Shiori and Marklund, Henrik and Xie, Sang Michael and Zhang, Marvin and Balsubramani, Akshay and Hu, Weihua and Yasunaga, Michihiro and Phillips, Richard Lanas and Gao, Irena and others},
  journal={Proceedings of the International Conference on Machine Learning},
  year={2021},
}

@article{bandi2019detection,
  title={From detection of individual metastases to classification of lymph node status at the patient level: the camelyon17 challenge},
  author={Bandi, Peter and Geessink, Oscar and Manson, Quirine and Van Dijk, Marcory and Balkenhol, Maschenka and Hermsen, Meyke and Bejnordi, Babak Ehteshami and Lee, Byungjae and Paeng, Kyunghyun and Zhong, Aoxiao and others},
  journal={IEEE Transactions on Medical Imaging},
  year={2019},
}

@article{christie2018functional,
  title={Functional map of the world},
  author={Christie, Gordon and Fendley, Neil and Wilson, James and Mukherjee, Ryan},
  booktitle={Proceedings of the IEEE Conference on Computer Vision and Pattern Recognition},
  year={2018}
}

@article{gulrajani2021search,
  title={In search of lost domain generalization},
  author={Gulrajani, Ishaan and Lopez-Paz, David},
  journal={Proceedings of the International Conference on Learning Representations},
  year={2021}
}

@article{liu2015deep,
  title={Deep learning face attributes in the wild},
  author={Liu, Ziwei and Luo, Ping and Wang, Xiaogang and Tang, Xiaoou},
  journal={Proceedings of the IEEE international conference on computer vision},
  year={2015}
}

@article{williams2018broad,
  title={A broad-coverage challenge corpus for sentence understanding through inference},
  author={Williams, Adina and Nangia, Nikita and Bowman, Samuel R},
  journal={Proceedings of the Conference of the North American Chapter of the Association for Computational Linguistics: Human Language Technologies},
  year={2018}
}

@article{sagawa2021extending,
  title={Extending the wilds benchmark for unsupervised adaptation},
  author={Sagawa, Shiori and Koh, Pang Wei and Lee, Tony and Gao, Irena and Xie, Sang Michael and Shen, Kendrick and Kumar, Ananya and Hu, Weihua and Yasunaga, Michihiro and Marklund, Henrik and others},
  journal={arXiv preprint arXiv:2112.05090},
  year={2021}
}

@inproceedings{borkan2019nuanced,
  title={Nuanced metrics for measuring unintended bias with real data for text classification},
  author={Borkan, Daniel and Dixon, Lucas and Sorensen, Jeffrey and Thain, Nithum and Vasserman, Lucy},
  booktitle={Companion proceedings of the 2019 world wide web conference},
  pages={491--500},
  year={2019}
}

@article{yeh2020using,
  title={Using publicly available satellite imagery and deep learning to understand economic well-being in Africa},
  author={Yeh, Christopher and Perez, Anthony and Driscoll, Anne and Azzari, George and Tang, Zhongyi and Lobell, David and Ermon, Stefano and Burke, Marshall},
  journal={Nature communications},
  volume={11},
  number={1},
  pages={2583},
  year={2020},
  publisher={Nature Publishing Group UK London}
}