@inproceedings{garcia:acl,
    title = "Exploring the Representation of Word Meanings in Context: {A} Case Study on Homonymy and Synonymy",
    author = "Garcia, Marcos",
    booktitle = "Proceedings of the 59th Annual Meeting of the Association for Computational Linguistics and the 11th International Joint Conference on Natural Language Processing (Volume 1: Long Papers)",
    month = aug,
    year = "2021",
    address = "Online",
    publisher = "Association for Computational Linguistics",
    url = "https://aclanthology.org/2021.acl-long.281",
    doi = "10.18653/v1/2021.acl-long.281",
    pages = "3625--3640",
}

@article{garcia:arxiv,
    title = "Exploring the Representation of Word Meanings in Context: {A} Case Study on Homonymy and Synonymy",
    author = "Garcia, Marcos",
    url= "https://arxiv.org/abs/2106.13553",
    doi= "10.48550/ARXIV.2106.13553",
    eprinttype = {arXiv},
    journal = {CoRR},
    year = "2021",
}

@article{lenci:ds:models,
    title = "Distributional Models of Word Meaning",
    author = "Lenci, Alessandro",
    journal = "Annual Review of Linguistics",
    volume = "4",
    number = "1",
    pages = "151--171",
    year = "2018",
    doi = "10.1146/annurev-linguistics-030514-125254",
    url = "https://doi.org/10.1146/annurev-linguistics-030514-125254",
}

@Inbook{Liu2020,
    author = "Liu, Zhiyuan and Lin, Yankai and Sun, Maosong",
    title = "Representation Learning and NLP",
    bookTitle = "Representation Learning for Natural Language Processing",
    year = "2020",
    publisher = "Springer Singapore",
    pages = "1--11",
    isbn = "978-981-15-5573-2",
    doi = "10.1007/978-981-15-5573-2_1",
    url = "https://doi.org/10.1007/978-981-15-5573-2_1",
}

@article{fasttext:bojanowski:2017,
    title = "Enriching Word Vectors with Subword Information",
    author = "Bojanowski, Piotr and Grave, Edouard and Joulin, Armand and Mikolov, Tomas",
    journal = "Transactions of the Association for Computational Linguistics",
    volume = "5",
    year = "2017",
    pages = "135--146"
}

@inproceedings{fasttext:2018,
    title = "Learning Word Vectors for 157 Languages",
    author = "Grave, Edouard and Bojanowski, Piotr and Gupta, Prakhar and Joulin, Armand and Mikolov, Tomas",
    booktitle = "Proceedings of the International Conference on Language Resources and Evaluation (LREC 2018)",
    year = "2018"
}

@inproceedings{fasttext:mcbow:2018,
    title = "Advances in Pre-Training Distributed Word Representations",
    author = "Mikolov, Tomas and Grave, Edouard and Bojanowski, Piotr and Puhrsch, Christian and Joulin, Armand",
    booktitle = "Proceedings of the International Conference on Language Resources and Evaluation (LREC 2018)",
    year = "2018"
}

@inproceedings{fasttext:portuguese,
    title = "{P}ortuguese Word Embeddings: Evaluating on Word Analogies and Natural Language Tasks",
    author = "Hartmann, Nathan  and
      Fonseca, Erick  and
      Shulby, Christopher  and
      Treviso, Marcos  and
      Silva, J{\'e}ssica  and
      Alu{\'\i}sio, Sandra",
    booktitle = "Proceedings of the 11th {B}razilian Symposium in Information and Human Language Technology",
    month = oct,
    year = "2017",
    address = "Uberl{\^a}ndia, Brazil",
    publisher = "Sociedade Brasileira de Computa{\c{c}}{\~a}o",
    url = "https://aclanthology.org/W17-6615",
    pages = "122--131",
}

@article{word2vec:mikolov2013,
    title = "Distributed representations of words and phrases and their compositionality",
    author = "Mikolov, Tomas and Chen, Kai and Corrado, Greg and Dean, Jeffrey",
    journal = "Advances in neural information processing systems",
    volume = "26",
    year = "2013",
}

@article{BERTology:rogers,
    author = "Rogers, Anna and Kovaleva, Olga and Rumshisky, Anna",
    title = "A Primer in BERTology: What We Know About How BERT Works",
    journal = "Transactions of the Association for Computational Linguistics",
    volume = "8",
    pages = "842--866",
    year = "2021",
    issn = "2307-387X",
    doi = "10.1162/tacl_a_00349",
    url = "https://doi.org/10.1162/tacl\_a\_00349",
    eprint = "https://direct.mit.edu/tacl/article-pdf/doi/10.1162/tacl\_a\_00349/1923281/tacl\_a\_00349.pdf",
}

@inproceedings{BERT:devlin2019,
    title = "BERT: Pre-training of Deep Bidirectional Transformers for Language Understanding",
    author = "Devlin, Jacob and Chang, Ming-Wei and Lee, Kenton and Toutanova, Kristina",
    booktitle = "Proceedings of the 2019 Conference of the North {A}merican Chapter of the Association for Computational Linguistics: Human Language Technologies, Volume 1 (Long and Short Papers)",
    year = "2019",
    address = "Minneapolis, Minnesota",
    publisher = "Association for Computational Linguistics",
    url = "https://aclanthology.org/N19-1423",
    doi = "10.18653/v1/N19-1423",
    pages = "4171--4186"
}

@inproceedings{beto,
    title = "Spanish Pre-Trained {BERT} Model and Evaluation Data",
    author = "Ca{\~n}ete, Jos{\'e} and Chaperon, Gabriel and Fuentes, Rodrigo and Ho, Jou-Hui and Kang, Hojin and P{\'e}rez, Jorge",
    booktitle = "PML4DC at ICLR 2020",
    year = "2020"
}

@inproceedings{bertimbau,
    author = "F{\'a}bio Souza and Rodrigo Nogueira and Roberto Lotufo",
    title = "{BERT}imbau: pretrained {BERT} models for {B}razilian {P}ortuguese",
    booktitle = "9th Brazilian Conference on Intelligent Systems, {BRACIS}, Rio Grande do Sul, Brazil, October 20-23 (to appear)",
    year = "2020"
}

@article{harris:distributional,
    author = "Zellig S. Harris",
    title = "Distributional Structure",
    journal = "Word",
    volume = "10",
    number = "2--3",
    pages = "146--162",
    year = "1954",
    publisher = "Routledge",
    doi = "10.1080/00437956.1954.11659520",
    url = "https://doi.org/10.1080/00437956.1954.11659520",
    eprint = "https://doi.org/10.1080/00437956.1954.11659520"
}

@software{bertita,
    author = "Stefan Schweter",
    title = "Italian BERT and ELECTRA models",
    year = "2020",
    publisher = "Zenodo",
    version = "1.0.1",
    doi = "10.5281/zenodo.4263142",
    url = "https://doi.org/10.5281/zenodo.4263142"
}

@inproceedings{transformers,
    title = "Transformers: State-of-the-Art Natural Language Processing",
    author = "Thomas Wolf and Lysandre Debut and Victor Sanh and Julien Chaumond and Clement Delangue and Anthony Moi and Pierric Cistac and Tim Rault and RÃ©mi Louf and Morgan Funtowicz and Joe Davison and Sam Shleifer and Patrick von Platen and Clara Ma and Yacine Jernite and Julien Plu and Canwen Xu and Teven Le Scao and Sylvain Gugger and Mariama Drame and Quentin Lhoest and Alexander M. Rush",
    booktitle = "Proceedings of the 2020 Conference on Empirical Methods in Natural Language Processing: System Demonstrations",
    year = "2020",
    address = "Online",
    publisher = "Association for Computational Linguistics",
    url = "https://www.aclweb.org/anthology/2020.emnlp-demos.6",
    pages = "38--45"
}
