@article{Rougier:2018,
  doi = {10.1038/d41586-018-04628-w},
  year = {2018},
  month = apr,
  publisher = {Springer Nature},
  volume = {556},
  number = {7701},
  pages = {309--309},
  author = {Rougier, Nicolas P. and Hinsen, Konrad},
  title = {Code reviewing puts extra demands on referees },
  journal = {Nature},
}

@article{Science:2018,
  doi = {10.1126/science.359.6377.725},
  author = {Hutson, Matthew},
  url = {http://science.sciencemag.org/content/359/6377/725},
  year = {2018},
  month = feb,
  volume = {359},
  number = {6377},
  title = {Artificial intelligence faces a replication crisis},
  journal = {Science},
}

@Misc{Roboto:2011,
  author =       {Christian Robertson},
  title =        {The Roboto family of fonts (Google)},
  url =          {https://github.com/google/roboto},
  year =         2011,
  note =         {Apache License, verison 2.0},
}

@Misc{SourceSerifPro:2014,
  author =       {Frank Grießhammer},
  title =        {Source Serif Pro (Adobe Systems)},
  url =          {https://github.com/adobe-fonts/source-serif-pro},
  year =         2014,
  note =         {SIL Open Font License, version 1.1},
}

@Misc{SourceCodePro:2012,
  author =       {Paul D. Hunt},
  title =        {Source Code Pro (Adobe Systems)},
  url =          {https://github.com/adobe-fonts/source-code-pro},
  year =         2012,
  note =         {SIL Open Font License, version 1.1},
}

@article{Topalidou:2015,
  author =       {Topalidou, Meropi and Rougier, Nicolas P.},
  title =        {{[Re] Interaction between cognitive and motor cortico-basal
                  ganglia loops during decision making: a computational study}},
  journal =      {ReScience},
  year =         2015,
  volume =       1,
  number =       1,
  doi =          {10.5281/zenodo.27944},
}

@article{Rougier:2017,
  doi =          {10.7717/peerj-cs.142},
  author =       {Nicolas P. Rougier and Konrad Hinsen and Frédéric Alexandre
                  and Thomas Arildsen and Lorena Barba and Fabien
                  C. Y. Benureau and C. Titus Brown and Pierre de Buyl and Ozan
                  Caglayan and Andrew P. Davison and Marc André Delsuc and
                  Georgios Detorakis and Alexandra K. Diem and Damien Drix and
                  Pierre Enel and Benoît Girard and Olivia Guest and Matt
                  G. Hall and Rafael Neto Henriques and Xavier Hinaut and Kamil
                  S Jaron and Mehdi Khamassi and Almar Klein and Tiina Manninen
                  and Pietro Marchesi and Dan McGlinn and Christoph Metzner and
                  Owen L. Petchey and Hans Ekkehard Plesser and Timothée Poisot
                  and Karthik Ram and Yoav Ram and Etienne Roesch and Cyrille
                  Rossant and Vahid Rostami and Aaron Shifman and Joseph
                  Stachelek and Marcel Stimberg and Frank Stollmeier and
                  Federico Vaggi and Guillaume Viejo and Julien Vitay and Anya
                  Vostinar and Roman Yurchak and Tiziano Zito},
  title =        {{Sustainable computational science: the ReScience
                  initiative}},
  journal =      {{PeerJ} Computer Science},
  month =        12,
  volume =       3,
  pages =        {e142},
  year =         2017,
  github =       {https://github.com/ReScience/ReScience-article-2},
  keywords =     {journal},
  tags =         {OS},
}

@article{Sinha:2022,
  author = {Sinha, Koustuv and Dodge, Jesse and Luccioni, Sasha and Forde, Jessica Zosa and Raparthy, Sharath Chandra and Pineau, Joelle and Stojnic, Robert},
  title = {{ML Reproducibility Challenge 2021}},
  journal = {ReScience C},
  year = {2022},
  month = may,
  volume = {8},
  number = {2},
  pages = {{#48}},
  doi = {10.5281/zenodo.6574723},
  url = {https://zenodo.org/record/6574723/files/article.pdf},
  code_url = {},
  code_doi = {},
  code_swh = {},
  data_url = {},
  data_doi = {},
  review_url = {},
  type = {Editorial},
  language = {Python},
  domain = {ML Reproducibility Challenge 2021},
  keywords = {rescience c, machine learning, deep learning, python, pytorch}
}

@article{Sinha:2021,
  author = {Sinha, Koustuv and Dodge, Jesse and Luccioni, Sasha and Forde, Jessica Zosa and Stojnic, Robert and Pineau, Joelle},
  title = {{ML Reproducibility Challenge 2020}},
  journal = {ReScience C},
  year = {2021},
  month = may,
  volume = {7},
  number = {2},
  pages = {{#1}},
  doi = {10.5281/zenodo.4833117},
  url = {https://zenodo.org/record/4833117/files/article.pdf},
  code_url = {},
  code_doi = {},
  code_swh = {},
  data_url = {},
  data_doi = {},
  review_url = {},
  type = {Editorial},
  language = {},
  domain = {},
  keywords = {machine learning, neurips, reproducibility challenge}
}

@article{Sinha:2020,
  author = {Sinha, Koustuv and Pineau, Joelle and Forde, Jessica and Ke, Rosemary Nan and Larochelle, Hugo},
  title = {{NeurIPS 2019 Reproducibility Challenge}},
  journal = {ReScience C},
  year = {2020},
  month = may,
  volume = {6},
  number = {2},
  pages = {{#11}},
  doi = {10.5281/zenodo.3818627},
  url = {https://zenodo.org/record/3818627/files/article.pdf},
  code_url = {},
  code_doi = {},
  code_swh = {},
  data_url = {},
  data_doi = {},
  review_url = {},
  type = {Editorial},
  language = {},
  domain = {},
  keywords = {machine learning, neurips, reproducibility challenge}
}

@article{Pineau:2019,
  author = {Pineau, Joelle and Sinha, Koustuv and Fried, Genevieve and Ke, Rosemary Nan and Larochelle, Hugo},
  title = {{ICLR Reproducibility Challenge 2019}},
  journal = {ReScience C},
  year = {2019},
  month = may,
  volume = {5},
  number = {2},
  pages = {{#5}},
  doi = {10.5281/zenodo.3158244},
  url = {https://zenodo.org/record/3158244/files/article.pdf},
  code_url = {},
  code_doi = {},
  data_url = {},
  data_doi = {},
  review_url = {https://github.com/ReScience/submissions/issues/5},
  type = {Editorial},
  language = {},
  domain = {},
  keywords = {machine learning, ICLR, reproducibility challenge}
}

@inproceedings{chen2020simple,
  title={Simple and deep graph convolutional networks},
  author={Chen, Ming and Wei, Zhewei and Huang, Zengfeng and Ding, Bolin and Li, Yaliang},
  booktitle={International Conference on Machine Learning},
  pages={1725--1735},
  year={2020},
  organization={PMLR}
}

@article{rong2019dropedge,
  title={Dropedge: Towards deep graph convolutional networks on node classification},
  author={Rong, Yu and Huang, Wenbing and Xu, Tingyang and Huang, Junzhou},
  journal={arXiv preprint arXiv:1907.10903},
  year={2019}
}

@article{you2020graph,
  title={Graph contrastive learning with augmentations},
  author={You, Yuning and Chen, Tianlong and Sui, Yongduo and Chen, Ting and Wang, Zhangyang and Shen, Yang},
  journal={Advances in Neural Information Processing Systems},
  volume={33},
  pages={5812--5823},
  year={2020}
}

@article{airoldi2013stochastic,
  title={Stochastic blockmodel approximation of a graphon: Theory and consistent estimation},
  author={Airoldi, Edo M and Costa, Thiago B and Chan, Stanley H},
  journal={Advances in Neural Information Processing Systems},
  volume={26},
  year={2013}
}

@article{channarond2012classification,
  title={Classification and estimation in the stochastic blockmodel based on the empirical degrees},
  author={Channarond, Antoine and Daudin, Jean-Jacques and Robin, St{\'e}phane},
  journal={Electronic Journal of Statistics},
  volume={6},
  pages={2574--2601},
  year={2012},
  publisher={Institute of Mathematical Statistics and Bernoulli Society}
}

@inproceedings{chan2014consistent,
  title={A consistent histogram estimator for exchangeable graph models},
  author={Chan, Stanley and Airoldi, Edoardo},
  booktitle={International Conference on Machine Learning},
  pages={208--216},
  year={2014},
  organization={PMLR}
}

@article{keshavan2010matrix,
  title={Matrix completion from a few entries},
  author={Keshavan, Raghunandan H and Montanari, Andrea and Oh, Sewoong},
  journal={IEEE transactions on information theory},
  volume={56},
  number={6},
  pages={2980--2998},
  year={2010},
  publisher={IEEE}
}

@article{chatterjee2015matrix,
  title={Matrix estimation by universal singular value thresholding},
  author={Chatterjee, Sourav},
  journal={The Annals of Statistics},
  volume={43},
  number={1},
  pages={177--214},
  year={2015},
  publisher={Institute of Mathematical Statistics}
}

@article{kipf2016semi,
  title={Semi-supervised classification with graph convolutional networks},
  author={Kipf, Thomas N and Welling, Max},
  journal={arXiv preprint arXiv:1609.02907},
  year={2016}
}

@article{xu2018powerful,
  title={How powerful are graph neural networks?},
  author={Xu, Keyulu and Hu, Weihua and Leskovec, Jure and Jegelka, Stefanie},
  journal={arXiv preprint arXiv:1810.00826},
  year={2018}
}

@article{fey2019fast,
  title={Fast graph representation learning with PyTorch Geometric},
  author={Fey, Matthias and Lenssen, Jan Eric},
  journal={arXiv preprint arXiv:1903.02428},
  year={2019}
}

@inproceedings{gao2019graph,
  title={Graph u-nets},
  author={Gao, Hongyang and Ji, Shuiwang},
  booktitle={international conference on machine learning},
  pages={2083--2092},
  year={2019},
  organization={PMLR}
}

@article{ying2018hierarchical,
  title={Hierarchical graph representation learning with differentiable pooling},
  author={Ying, Zhitao and You, Jiaxuan and Morris, Christopher and Ren, Xiang and Hamilton, Will and Leskovec, Jure},
  journal={Advances in neural information processing systems},
  volume={31},
  year={2018}
}

@inproceedings{bianchi2020spectral,
  title={Spectral clustering with graph neural networks for graph pooling},
  author={Bianchi, Filippo Maria and Grattarola, Daniele and Alippi, Cesare},
  booktitle={International Conference on Machine Learning},
  pages={874--883},
  year={2020},
  organization={PMLR}
}

@inproceedings{wang2021mixup,
  title={Mixup for node and graph classification},
  author={Wang, Yiwei and Wang, Wei and Liang, Yuxuan and Cai, Yujun and Hooi, Bryan},
  booktitle={Proceedings of the Web Conference 2021},
  pages={3663--3674},
  year={2021}
}

@article{morris2020tudataset,
  title={Tudataset: A collection of benchmark datasets for learning with graphs},
  author={Morris, Christopher and Kriege, Nils M and Bause, Franka and Kersting, Kristian and Mutzel, Petra and Neumann, Marion},
  journal={arXiv preprint arXiv:2007.08663},
  year={2020}
}

@article{han2022g,
  title={G-Mixup: Graph Data Augmentation for Graph Classification},
  author={Han, Xiaotian and Jiang, Zhimeng and Liu, Ninghao and Hu, Xia},
  journal={arXiv preprint arXiv:2202.07179},
  year={2022}
}