@misc{r1,
      title={Training Binary Neural Networks using the Bayesian Learning Rule}, 
      author={Xiangming Meng and Roman Bachmann and Mohammad Emtiyaz Khan},
      year={2020},
      eprint={2002.10778},
      archivePrefix={arXiv},
      primaryClass={cs.LG}
}

@misc{r2,
  title = {Experiment Tracking with Weights and Biases},
  year = {2020},
  note = {Software available from wandb.com},
  url={https://www.wandb.com/},
  author = {Biewald, Lukas},
}


@article{r3,
author    = {Emma Strubell and
             Ananya Ganesh and
             Andrew McCallum},
title     = {Energy and Policy Considerations for Deep Learning in {NLP}},
journal   = {CoRR},
year      = {2019}
}



@article{r4,
  author    = {Thalaiyasingam Ajanthan and
               Puneet Kumar Dokania and
               Richard I. Hartley and
               Philip H. S. Torr},
  title     = {Proximal Mean-field for Neural Network Quantization},
  journal   = {CoRR},
  year      = {2018}
}



@article{r5,
  author    = {Koen Helwegen and
               James Widdicombe and
               Lukas Geiger and
               Zechun Liu and
               Kwang{-}Ting Cheng and
               Roeland Nusselder},
  title     = {Latent Weights Do Not Exist: Rethinking Binarized Neural Network Optimization},
  journal   = {CoRR},
  year      = {2019}
}

@misc{r6,
  title = {Learning Algorithms from Bayesian Principles},
  author = {M.E. Khan and
	    H. Rue},
  url = {https://emtiyaz.github.io/papers/learning_from_bayes.pdf}
}

@article{r7,
  author    = {Chris J. Maddison and
               Andriy Mnih and
               Yee Whye Teh},
  title     = {The Concrete Distribution: {A} Continuous Relaxation of Discrete Random
               Variables},
  journal   = {CoRR},
  year      = {2016},
  url       = {http://arxiv.org/abs/1611.00712}
}



@article{r8,
  author    = {Oran Shayer and
               Dan Levi and
               Ethan Fetaya},
  title     = {Learning Discrete Weights Using the Local Reparameterization Trick},
  journal   = {CoRR},
  year      = {2017},
  url       = {http://arxiv.org/abs/1710.07739}
}


@misc{r9,
  title = {Moons,  T.  Two  moons  datasets  description},
  url = {https://scikit-learn.org/stable/modules/generated/sklearn.datasets.make_moons.html},
  year = {2018}
}


@inproceedings{r10,
author = {Snelson, Edward and Ghahramani, Zoubin},
title = {Sparse Gaussian Processes Using Pseudo-Inputs},
year = {2005},
publisher = {MIT Press},
booktitle = {Proceedings of the 18th International Conference on Neural Information Processing Systems},
pages = {1257â€“1264}
}

@article{r11,
  author    = {Olaf Ronneberger and
               Philipp Fischer and
               Thomas Brox},
  title     = {U-Net: Convolutional Networks for Biomedical Image Segmentation},
  journal   = {CoRR},
  year      = {2015},
  url       = {http://arxiv.org/abs/1505.04597}
}



@inproceedings{r12,
  author    = {Ian J. Goodfellow and
               Mehdi Mirza and
               Xia Da and
               Aaron C. Courville and
               Yoshua Bengio},
  title     = {An Empirical Investigation of Catastrophic Forgeting in Gradient-Based
               Neural Networks},
  booktitle = {2nd International Conference on Learning Representations, {ICLR} 2014,
               Banff, AB, Canada, April 14-16, 2014, Conference Track Proceedings},
  year      = {2014},
  url       = {http://arxiv.org/abs/1312.6211}
}




@article{r13,
  author    = {Friedemann Zenke and
               Ben Poole and
               Surya Ganguli},
  title     = {Improved multitask learning through synaptic intelligence},
  journal   = {CoRR},
  volume    = {abs/1703.04200},
  year      = {2017},
  url       = {http://arxiv.org/abs/1703.04200}
}

@article{r14,
author="LECUN, Y.",
title="THE MNIST DATABASE of handwritten digits",
journal="http://yann.lecun.com/exdb/mnist/",
URL="https://ci.nii.ac.jp/naid/10027939599/en/"
}



@inproceedings{r15,
  author    = {Diederik P. Kingma and
               Jimmy Ba},
  title     = {Adam: {A} Method for Stochastic Optimization},
  booktitle = {3rd International Conference on Learning Representations, {ICLR} 2015,
               San Diego, CA, USA, May 7-9, 2015, Conference Track Proceedings},
  year      = {2015},
  url       = {http://arxiv.org/abs/1412.6980},
}

@misc{r16,
      title={Categorical Reparameterization with Gumbel-Softmax}, 
      author={Eric Jang and Shixiang Gu and Ben Poole},
      year={2017},
      eprint={1611.01144},
      archivePrefix={arXiv},
}

@misc{r17,
      title={BinaryConnect: Training Deep Neural Networks with binary weights during propagations}, 
      author={Matthieu Courbariaux and Yoshua Bengio and Jean-Pierre David},
      year={2016},
      eprint={1511.00363},
      archivePrefix={arXiv},
      primaryClass={cs.LG}
}

