@inproceedings{summers:2021,
  author    = {Cecilia Summers and
               Michael J. Dinneen},
  editor    = {Marina Meila and
               Tong Zhang},
  title     = {Nondeterminism and Instability in Neural Network Optimization},
  booktitle = {Proceedings of the 38th International Conference on Machine Learning,
               {ICML} 2021, 18-24 July 2021, Virtual Event},
  series    = {Proceedings of Machine Learning Research},
  volume    = {139},
  pages     = {9913--9922},
  publisher = {{PMLR}},
  year      = {2021},
  url       = {http://proceedings.mlr.press/v139/summers21a.html}
}

@inproceedings{he:2016,
  author    = {Kaiming He and
               Xiangyu Zhang and
               Shaoqing Ren and
               Jian Sun},
  title     = {Deep Residual Learning for Image Recognition},
  booktitle = {2016 {IEEE} Conference on Computer Vision and Pattern Recognition,
               {CVPR} 2016, Las Vegas, NV, USA, June 27-30, 2016},
  pages     = {770--778},
  publisher = {{IEEE} Computer Society},
  year      = {2016},
  url       = {https://doi.org/10.1109/CVPR.2016.90},
  doi       = {10.1109/CVPR.2016.90},
  timestamp = {Wed, 16 Oct 2019 14:14:50 +0200},
  biburl    = {https://dblp.org/rec/conf/cvpr/HeZRS16.bib},
  bibsource = {dblp computer science bibliography, https://dblp.org}
}
@article{zhuang:2021,
  title={Randomness In Neural Network Training: Characterizing The Impact of Tooling},
  author={Zhuang, Donglin and Zhang, Xingyao and Song, Shuaiwen Leon and Hooker, Sara},
  journal={arXiv preprint arXiv:2106.11872},
  year={2021}
}
@article{hartley:2020,
  title={dtoolai: Reproducibility for deep learning},
  author={Hartley, Matthew and Olsson, Tjelvar SG},
  journal={Patterns},
  volume={1},
  number={5},
  pages={100073},
  year={2020},
  publisher={Elsevier}
}
@article{heumos:2021,
  title={mlf-core: a framework for deterministic machine learning},
  author={Heumos, Lukas and Ehmele, Philipp and Menden, Kevin and Cuellar, Luis Kuhn and Miller, Edmund and Lemke, Steffen and Gabernet, Gisela and Nahnsen, Sven},
  journal={arXiv preprint arXiv:2104.07651},
  year={2021}
}
@article{renard:2020,
  title={Variability and reproducibility in deep learning for medical image segmentation},
  author={Renard, F{\'e}lix and Guedria, Soulaimane and De Palma, Noel and Vuillerme, Nicolas},
  journal={Scientific Reports},
  volume={10},
  number={1},
  pages={1--16},
  year={2020},
  publisher={Nature Publishing Group}
}
@article{wen:2020,
  title={Batchensemble: an alternative approach to efficient ensemble and lifelong learning},
  author={Wen, Yeming and Tran, Dustin and Ba, Jimmy},
  journal={arXiv preprint arXiv:2002.06715},
  year={2020}
}
@inproceedings{szegedy:2015,
  title={Going deeper with convolutions},
  author={Szegedy, Christian and Liu, Wei and Jia, Yangqing and Sermanet, Pierre and Reed, Scott and Anguelov, Dragomir and Erhan, Dumitru and Vanhoucke, Vincent and Rabinovich, Andrew},
  booktitle={Proceedings of the IEEE conference on computer vision and pattern recognition},
  pages={1--9},
  year={2015}
}
@article{krizhevsky:2009,
  title={Learning multiple layers of features from tiny images},
  author={Krizhevsky, Alex and Hinton, Geoffrey and others},
  year={2009},
  publisher={Citeseer}
}
@article{paszke:2019,
  title={Pytorch: An imperative style, high-performance deep learning library},
  author={Paszke, Adam and Gross, Sam and Massa, Francisco and Lerer, Adam and Bradbury, James and Chanan, Gregory and Killeen, Trevor and Lin, Zeming and Gimelshein, Natalia and Antiga, Luca and others},
  journal={Advances in neural information processing systems},
  volume={32},
  pages={8026--8037},
  year={2019}
}
@article{loshchilov:2016,
  title={Sgdr: Stochastic gradient descent with warm restarts},
  author={Loshchilov, Ilya and Hutter, Frank},
  journal={arXiv preprint arXiv:1608.03983},
  year={2016}
}
@inproceedings{kornblith:2019,
  title={Similarity of neural network representations revisited},
  author={Kornblith, Simon and Norouzi, Mohammad and Lee, Honglak and Hinton, Geoffrey},
  booktitle={International Conference on Machine Learning},
  pages={3519--3529},
  year={2019},
  organization={PMLR}
}
