@inproceedings{keswani2022proto2proto,
  title={Proto2Proto: Can you recognize the car, the way I do?},
  author={Monish Keswani and Sriranjani Ramakrishnan and Nishant Reddy and Vineeth N. Balasubramanian},
  booktitle={Proceedings of the IEEE/CVF Conference on Computer Vision and Pattern Recognition (CVPR 2022)},
  eprint={2204.11830},
  archivePrefix={arXiv},
  year={2022}
}
@inproceedings{chen2019this,
 author = {Chen, Chaofan and Li, Oscar and Tao, Daniel and Barnett, Alina and Rudin, Cynthia and Su, Jonathan K},
 booktitle = {Advances in Neural Information Processing Systems},
 editor = {H. Wallach and H. Larochelle and A. Beygelzimer and F. d\textquotesingle Alch\'{e}-Buc and E. Fox and R. Garnett},
 pages = {},
 publisher = {Curran Associates, Inc.},
 title = {This Looks Like That: Deep Learning for Interpretable Image Recognition},
 url = {https://proceedings.neurips.cc/paper/2019/file/adf7ee2dcf142b0e11888e72b43fcb75-Paper.pdf},
 volume = {32},
 year = {2019}
}
@inproceedings{donnelly2022deformable,
    author    = {Donnelly, Jon and Barnett, Alina Jade and Chen, Chaofan},
    title     = {Deformable ProtoPNet: An Interpretable Image Classifier Using Deformable Prototypes},
    booktitle = {Proceedings of the IEEE/CVF Conference on Computer Vision and Pattern Recognition (CVPR)},
    year      = {2022},
    pages     = {10265--10275}
}
@inproceedings{chakraborty2017interpretability,
  title={Interpretability of deep learning models: A survey of results},
  author={Chakraborty, Supriyo and Tomsett, Richard and Raghavendra, Ramya and Harborne, Daniel and Alzantot, Moustafa and Cerutti, Federico and Srivastava, Mani and Preece, Alun and Julier, Simon and Rao, Raghuveer M and others},
  booktitle={2017 IEEE smartworld, ubiquitous intelligence \& computing, advanced \& trusted computed, scalable computing \& communications, cloud \& big data computing, Internet of people and smart city innovation (smartworld/SCALCOM/UIC/ATC/CBDcom/IOP/SCI)},
  pages={1--6},
  year={2017},
  organization={IEEE}
}
@article{guidotti2018a,
author = {Guidotti, Riccardo and Monreale, Anna and Ruggieri, Salvatore and Turini, Franco and Giannotti, Fosca and Pedreschi, Dino},
title = {A Survey of Methods for Explaining Black Box Models},
year = {2018},
issue_date = {September 2019},
publisher = {Association for Computing Machinery},
address = {New York, NY, USA},
volume = {51},
number = {5},
issn = {0360-0300},
url = {https://doi.org/10.1145/3236009},
doi = {10.1145/3236009},
journal = {ACM Comput. Surv.},
articleno = {93},
numpages = {42},
keywords = {explanations, Open the black box, transparent models, interpretability}
}
@article{li2022interpretable,
  title={Interpretable deep learning: Interpretation, interpretability, trustworthiness, and beyond},
  author={Li, Xuhong and Xiong, Haoyi and Li, Xingjian and Wu, Xuanyu and Zhang, Xiao and Liu, Ji and Bian, Jiang and Dou, Dejing},
  journal={Knowledge and Information Systems},
  volume={64},
  number={12},
  pages={3197--3234},
  year={2022},
  publisher={Springer}
}
@article{hoffmann2021this,
  doi = {10.48550/ARXIV.2105.02968},
  url = {https://arxiv.org/abs/2105.02968},
  author = {Hoffmann, Adrian and Fanconi, Claudio and Rade, Rahul and Kohler, Jonas},
   keywords = {Computer Vision and Pattern Recognition (cs.CV), Artificial Intelligence (cs.AI), Machine Learning (cs.LG), FOS: Computer and information sciences, FOS: Computer and information sciences}, 
  title = {This Looks Like That... Does it? Shortcomings of Latent Space Prototype Interpretability in Deep Networks},  
  publisher = {arXiv},
  year = {2021},
  copyright = {arXiv.org perpetual, non-exclusive license}
}
@article{gou2021knowledge,
  title={Knowledge distillation: A survey},
  author={Gou, Jianping and Yu, Baosheng and Maybank, Stephen J and Tao, Dacheng},
  journal={International Journal of Computer Vision},
  volume={129},
  number={6},
  pages={1789--1819},
  year={2021},
  publisher={Springer}
}

@inproceedings{krause20133d,
  title={3d object representations for fine-grained categorization},
  author={Krause, Jonathan and Stark, Michael and Deng, Jia and Fei-Fei, Li},
  booktitle={Proceedings of the IEEE international conference on computer vision workshops},
  pages={554--561},
  year={2013}
}

@article{wah2011caltech,
  title={The caltech-ucsd birds-200-2011 dataset},
  author={Wah, Catherine and Branson, Steve and Welinder, Peter and Perona, Pietro and Belongie, Serge},
  year={2011},
  publisher={California Institute of Technology}
}

@inproceedings{nauta2021neural,
  title={Neural prototype trees for interpretable fine-grained image recognition},
  author={Nauta, Meike and van Bree, Ron and Seifert, Christin},
  booktitle={Proceedings of the IEEE/CVF Conference on Computer Vision and Pattern Recognition},
  pages={14933--14943},
  year={2021}
}

@article{hinton2015distilling,
  title={Distilling the knowledge in a neural network},
  author={Hinton, Geoffrey and Vinyals, Oriol and Dean, Jeff},
  journal={arXiv preprint \linebreak arXiv:1503.02531},
  year={2015}
}

@inproceedings{hong2021student,
  title={Student-teacher learning from clean inputs to noisy inputs},
  author={Hong, Guanzhe and Mao, Zhiyuan and Lin, Xiaojun and Chan, Stanley H},
  booktitle={Proceedings of the IEEE/CVF Conference on Computer Vision and Pattern Recognition},
  pages={12075--12084},
  year={2021}
}

@inproceedings{hong2020distilling,
  title={Distilling image dehazing with heterogeneous task imitation},
  author={Hong, Ming and Xie, Yuan and Li, Cuihua and Qu, Yanyun},
  booktitle={Proceedings of the IEEE/CVF Conference on Computer Vision and Pattern Recognition},
  pages={3462--3471},
  year={2020}
}