@article{explaining_in_style, 
        title={Explaining in Style: Training a GAN to explain a classifier in StyleSpace},
        author={Lang, Oran and Gandelsman, Yossi and Yarom, Michal and Wald, Yoav and Elidan, Gal and Hassidim, Avinatan and 
            Freeman, William T. and Isola, Phillip and Globerson, Amir and Irani, Michal and Mosseri, Inbar},
        year={2021},
        journal={arXiv preprint arXiv:2104.13369}  
}

@INPROCEEDINGS{7780459,
  author={He, Kaiming and Zhang, Xiangyu and Ren, Shaoqing and Sun, Jian},
  booktitle={2016 IEEE Conference on Computer Vision and Pattern Recognition (CVPR)}, 
  title={Deep Residual Learning for Image Recognition}, 
  year={2016},
  volume={},
  number={},
  pages={770-778},
  doi={10.1109/CVPR.2016.90}}


@misc{kingma2017adam,
      title={Adam: A Method for Stochastic Optimization}, 
      author={Diederik P. Kingma and Jimmy Ba},
      year={2017},
      eprint={1412.6980},
      archivePrefix={arXiv},
      primaryClass={cs.LG}
}
@INPROCEEDINGS{9577297,

  author={Wu, Zongze and Lischinski, Dani and Shechtman, Eli},

  booktitle={2021 IEEE/CVF Conference on Computer Vision and Pattern Recognition (CVPR)}, 

  title={StyleSpace Analysis: Disentangled Controls for StyleGAN Image Generation}, 

  year={2021},

  volume={},

  number={},

  pages={12858-12867},

  doi={10.1109/CVPR46437.2021.01267}}
  
@INPROCEEDINGS{8237336,

  author={Selvaraju, Ramprasaath R. and Cogswell, Michael and Das, Abhishek and Vedantam, Ramakrishna and Parikh, Devi and Batra, Dhruv},

  booktitle={2017 IEEE International Conference on Computer Vision (ICCV)}, 

  title={Grad-CAM: Visual Explanations from Deep Networks via Gradient-Based Localization}, 

  year={2017},

  volume={},

  number={},

  pages={618-626},

  doi={10.1109/ICCV.2017.74}}


@misc{wu2020stylespace,
      title={StyleSpace Analysis: Disentangled Controls for StyleGAN Image Generation}, 
      author={Zongze Wu and Dani Lischinski and Eli Shechtman},
      year={2020},
      eprint={2011.12799},
      archivePrefix={arXiv},
      primaryClass={cs.CV}
}

@misc{yeh2020completenessaware,
      title={On Completeness-aware Concept-Based Explanations in Deep Neural Networks}, 
      author={Chih-Kuan Yeh and Been Kim and Sercan O. Arik and Chun-Liang Li and Tomas Pfister and Pradeep Ravikumar},
      year={2020},
      eprint={1910.07969},
      archivePrefix={arXiv},
      primaryClass={cs.LG}
}

@inproceedings{karras2019style,
  title={A style-based generator architecture for generative adversarial networks},
  author={Karras, Tero and Laine, Samuli and Aila, Timo},
  booktitle={Proceedings of the IEEE/CVF conference on computer vision and pattern recognition},
  pages={4401--4410},
  year={2019}
}

@misc{Seitzer2020FID,
  author={Maximilian Seitzer},
  title={{pytorch-fid: FID Score for PyTorch}},
  month={August},
  year={2020},
  note={Version 0.2.1},
  howpublished={\url{https://github.com/mseitzer/pytorch-fid}},
}

@article{heusel2017gans,
  title={Gans trained by a two time-scale update rule converge to a local nash equilibrium},
  author={Heusel, Martin and Ramsauer, Hubert and Unterthiner, Thomas and Nessler, Bernhard and Hochreiter, Sepp},
  journal={Advances in neural information processing systems},
  volume={30},
  year={2017}
}


@misc{qualtrics,
  title = {Qualtrics},
  howpublished = {\url{https://www.qualtrics.com}},
  note = {Accessed: 2022-02-03}
}
@INPROCEEDINGS {8578166,
author = {R. Zhang and P. Isola and A. A. Efros and E. Shechtman and O. Wang},
booktitle = {2018 IEEE/CVF Conference on Computer Vision and Pattern Recognition (CVPR)},
title = {The Unreasonable Effectiveness of Deep Features as a Perceptual Metric},
year = {2018},
volume = {},
issn = {},
pages = {586-595},
keywords = {distortion;task analysis;measurement;visualization;training;network architecture;computer architecture},
doi = {10.1109/CVPR.2018.00068},
url = {https://doi.ieeecomputersociety.org/10.1109/CVPR.2018.00068},
publisher = {IEEE Computer Society},
address = {Los Alamitos, CA, USA},
month = {jun}
}



@misc{mirza2014conditional,
      title={Conditional Generative Adversarial Nets}, 
      author={Mehdi Mirza and Simon Osindero},
      year={2014},
      eprint={1411.1784},
      archivePrefix={arXiv},
      primaryClass={cs.LG}
}

@misc{guidotti2018survey,
      title={A Survey Of Methods For Explaining Black Box Models}, 
      author={Riccardo Guidotti and Anna Monreale and Salvatore Ruggieri and Franco Turini and Dino Pedreschi and Fosca Giannotti},
      year={2018},
      eprint={1802.01933},
      archivePrefix={arXiv},
      primaryClass={cs.CY}
}

@inproceedings{liu2015faceattributes,
  title = {Deep Learning Face Attributes in the Wild},
  author = {Liu, Ziwei and Luo, Ping and Wang, Xiaogang and Tang, Xiaoou},
  booktitle = {Proceedings of International Conference on Computer Vision (ICCV)},
  month = {December},
  year = {2015} 
}

@misc{howard2017mobilenets,
      title={MobileNets: Efficient Convolutional Neural Networks for Mobile Vision Applications}, 
      author={Andrew G. Howard and Menglong Zhu and Bo Chen and Dmitry Kalenichenko and Weijun Wang and Tobias Weyand and Marco Andreetto and Hartwig Adam},
      year={2017},
      eprint={1704.04861},
      archivePrefix={arXiv},
      primaryClass={cs.CV}
}

@misc{karras2019stylebased,
      title={A Style-Based Generator Architecture for Generative Adversarial Networks}, 
      author={Tero Karras and Samuli Laine and Timo Aila},
      year={2019},
      eprint={1812.04948},
      archivePrefix={arXiv},
      primaryClass={cs.NE}
}

@misc{choi2020stargan,
      title={StarGAN v2: Diverse Image Synthesis for Multiple Domains}, 
      author={Yunjey Choi and Youngjung Uh and Jaejun Yoo and Jung-Woo Ha},
      year={2020},
      eprint={1912.01865},
      archivePrefix={arXiv},
      primaryClass={cs.CV}
}


@misc{goodfellow2014generative,
      title={Generative Adversarial Networks}, 
      author={Ian J. Goodfellow and Jean Pouget-Abadie and Mehdi Mirza and Bing Xu and David Warde-Farley and Sherjil Ozair and Aaron Courville and Yoshua Bengio},
      year={2014},
      eprint={1406.2661},
      archivePrefix={arXiv},
      primaryClass={stat.ML}
}

@inproceedings{liu2015faceattributes,
  title = {Deep Learning Face Attributes in the Wild},
  author = {Liu, Ziwei and Luo, Ping and Wang, Xiaogang and Tang, Xiaoou},
  booktitle = {Proceedings of International Conference on Computer Vision (ICCV)},
  month = {December},
  year = {2015} 
}

@misc{orel2020lifespan,
      title={Lifespan Age Transformation Synthesis}, 
      author={Roy Or-El and Soumyadip Sengupta and Ohad Fried and Eli Shechtman and Ira Kemelmacher-Shlizerman},
      year={2020},
      eprint={2003.09764},
      archivePrefix={arXiv},
      primaryClass={cs.CV}
}

@misc{sandler2019mobilenetv2,
      title={MobileNetV2: Inverted Residuals and Linear Bottlenecks}, 
      author={Mark Sandler and Andrew Howard and Menglong Zhu and Andrey Zhmoginov and Liang-Chieh Chen},
      year={2019},
      eprint={1801.04381},
      archivePrefix={arXiv},
      primaryClass={cs.CV}
}

@misc{karras2020analyzing,
      title={Analyzing and Improving the Image Quality of StyleGAN}, 
      author={Tero Karras and Samuli Laine and Miika Aittala and Janne Hellsten and Jaakko Lehtinen and Timo Aila},
      year={2020},
      eprint={1912.04958},
      archivePrefix={arXiv},
      primaryClass={cs.CV}
}