@article{nucleotide-diversity,
  title={Mathematical model for studying genetic variation in terms of restriction endonucleases.},
  author={Masatoshi Nei and W. -H. Li},
  journal={Proceedings of the National Academy of Sciences of the United States of America},
  year={1979},
  volume={76 10},
  pages={
          5269-73
        }
}