@inproceedings{ORIGINAL,
 author = {Bertoin, David and Bolte, J\'{e}r\^{o}me and Gerchinovitz, S\'{e}bastien and Pauwels, Edouard},
 booktitle = {Advances in Neural Information Processing Systems},
 editor = {M. Ranzato and A. Beygelzimer and Y. Dauphin and P.S. Liang and J. Wortman Vaughan},
 pages = {468--479},
 publisher = {Curran Associates, Inc.},
 title = {Numerical influence of ReLUâ€™(0) on backpropagation},
 url = {https://proceedings.neurips.cc/paper/2021/file/043ab21fc5a1607b381ac3896176dac6-Paper.pdf},
 volume = {34},
 year = {2021}
}

@article{MOBILENETV3,
  author    = {Andrew Howard and
               Mark Sandler and
               Grace Chu and
               Liang{-}Chieh Chen and
               Bo Chen and
               Mingxing Tan and
               Weijun Wang and
               Yukun Zhu and
               Ruoming Pang and
               Vijay Vasudevan and
               Quoc V. Le and
               Hartwig Adam},
  title     = {Searching for MobileNetV3},
  journal   = {CoRR},
  volume    = {abs/1905.02244},
  year      = {2019},
  url       = {http://arxiv.org/abs/1905.02244},
  eprinttype = {arXiv},
  eprint    = {1905.02244},
  timestamp = {Thu, 27 May 2021 16:20:51 +0200},
  biburl    = {https://dblp.org/rec/journals/corr/abs-1905-02244.bib},
  bibsource = {dblp computer science bibliography, https://dblp.org}
}