@misc{mainpaper,
  doi = {10.48550/ARXIV.2203.01928},
  url = {https://arxiv.org/abs/2203.01928}, 
  author = {Crabbé, Jonathan and van der Schaar, Mihaela},
  keywords = {Machine Learning (cs.LG), Artificial Intelligence (cs.AI), FOS: Computer and information sciences, FOS: Computer and information sciences},
  title = {Label-Free Explainability for Unsupervised Models},
  publisher = {arXiv},
  year = {2022},
  copyright = {Creative Commons Attribution 4.0 International}
}

@misc{xaisurvey,
  doi = {10.48550/ARXIV.2101.09429},
  url = {https://arxiv.org/abs/2101.09429},
  author = {Islam, Sheikh Rabiul and Eberle, William and Ghafoor, Sheikh Khaled and Ahmed, Mohiuddin},
  keywords = {Artificial Intelligence (cs.AI), Machine Learning (cs.LG), FOS: Computer and information sciences, FOS: Computer and information sciences},
  title = {Explainable Artificial Intelligence Approaches: A Survey},
  publisher = {arXiv},
  year = {2021},
  copyright = {Creative Commons Attribution 4.0 International}}


@article{Ouerhani2003EmpiricalVO,
  title={Empirical Validation of the Saliency-based Model of Visual Attention},
  author={Nabil Ouerhani and Roman von Wartburg and Heinz Hugli and Ren{\'e} Martin M{\"u}ri},
  journal={Electronic Letters on Computer Vision and Image Analysis},
  year={2003},
  volume={3},
  pages={13-24}
}

@article{attrprior,
  author    = {Gabriel G. Erion and Joseph D. Janizek and Pascal Sturmfels and Scott M. Lundberg and Su{-}In Lee},
  title     = {Learning Explainable Models Using Attribution Priors},
  journal   = {CoRR},
  volume    = {abs/1906.10670},
  year      = {2019},
  url       = {http://arxiv.org/abs/1906.10670},
  eprinttype = {arXiv},
  eprint    = {1906.10670},
  timestamp = {Fri, 26 Nov 2021 16:33:36 +0100},
  biburl    = {https://dblp.org/rec/journals/corr/abs-1906-10670.bib},
  bibsource = {dblp computer science bibliography, https://dblp.org}
}


@article{TimeSeri77:online,
  title={PhysioBank, PhysioToolkit, and PhysioNet: components of a new research resource for complex physiologic signals.},
  author={Ary L. Goldberger and Luis A. Nunes Amaral and L Glass and Jeffrey M. Hausdorff and Plamen Ch. Ivanov and Roger G. Mark and Joseph E. Mietus and George B. Moody and Chung-Kang Peng and Harry Eugene Stanley},
  journal={Circulation},
  year={2000},
  volume={101 23},
}

@misc{dsprites17,
author = {Loic Matthey and Irina Higgins and Demis Hassabis and Alexander Lerchner},
title = {dSprites: Disentanglement testing Sprites dataset},
howpublished= {https://github.com/deepmind/dsprites-dataset/},
year = "2017",
}

@article{dvae,
  author    = {Tian Qi Chen and Xuechen Li and Roger B. Grosse and David Duvenaud},
  title     = {Isolating Sources of Disentanglement in Variational Autoencoders},
  journal   = {CoRR},
  volume    = {abs/1802.04942},
  year      = {2018},
  url       = {http://arxiv.org/abs/1802.04942},
  eprinttype = {arXiv},
  eprint    = {1802.04942},
  timestamp = {Mon, 22 Jul 2019 14:09:23 +0200},
  biburl    = {https://dblp.org/rec/journals/corr/abs-1802-04942.bib},
  bibsource = {dblp computer science bibliography, https://dblp.org}
}

@inproceedings{
higgins2017betavae,
title={beta-{VAE}: Learning Basic Visual Concepts with a Constrained Variational Framework},
author={Irina Higgins and Loic Matthey and Arka Pal and Christopher Burgess and Xavier Glorot and Matthew Botvinick and Shakir Mohamed and Alexander Lerchner},
booktitle={International Conference on Learning Representations},
year={2017},
url={https://openreview.net/forum?id=Sy2fzU9gl}
}

@article{MNIST—To58:online,
  title={Gradient-based learning applied to document recognition},
  author={Yann LeCun and L{\'e}on Bottou and Yoshua Bengio and Patrick Haffner},
  journal={Proc. IEEE},
  year={1998},
  volume={86},
  pages={2278-2324}
}

@inproceedings{CIFAR10—84:online,
  title={Learning Multiple Layers of Features from Tiny Images},
  author={Alex Krizhevsky},
  year={2009}
}

@inproceedings{TinyImag26:online,
  title={Tiny ImageNet Visual Recognition Challenge},
  author={Ya Le and Xuan S. Yang},
  year={2015}
}

@misc{AGNews:online,
      title={Character-level Convolutional Networks for Text Classification}, 
      author={Xiang Zhang and Junbo Zhao and Yann LeCun},
      year={2016},
      eprint={1509.01626},
      archivePrefix={arXiv},
      primaryClass={cs.LG}
}

@misc{Jonathan3:online,
title = {JonathanCrabbe/Label-Free-XAI: This repository contains the implementation of Label-Free XAI, a new framework to adapt explanation methods to unsupervised models. For more details, please read our ICML 2022 paper: 'Label-Free Explainability for Unsupervised Models'.},
howpublished = {\url{https://github.com/JonathanCrabbe/Label-Free-XAI}},
}

@misc{Captum:online,
      title={Captum: A unified and generic model interpretability library for PyTorch}, 
      author={Narine Kokhlikyan and Vivek Miglani and Miguel Martin and Edward Wang and Bilal Alsallakh and Jonathan Reynolds and Alexander Melnikov and Natalia Kliushkina and Carlos Araya and Siqi Yan and Orion Reblitz-Richardson},
      year={2020},
      eprint={2009.07896},
      archivePrefix={arXiv},
      primaryClass={cs.LG}
}


@article{cora,
  title={Automating the Construction of Internet Portals with Machine Learning},
  author={Andrew McCallum and Kamal Nigam and Jason D. M. Rennie and Kristie Seymore},
  journal={Information Retrieval},
  year={2000},
  volume={3},
  pages={127-163}
}

@misc{graphvae,
  doi = {10.48550/ARXIV.1611.07308},
  url = {https://arxiv.org/abs/1611.07308},
  author = {Kipf, Thomas N. and Welling, Max},
  keywords = {Machine Learning (stat.ML), Machine Learning (cs.LG), FOS: Computer and information sciences, FOS: Computer and information sciences},
  title = {Variational Graph Auto-Encoders},
  publisher = {arXiv},
  year = {2016},
  copyright = {arXiv.org perpetual, non-exclusive license}
}

@misc{Saliency,
  doi = {10.48550/ARXIV.1312.6034}, 
  url = {https://arxiv.org/abs/1312.6034},
  author = {Simonyan, Karen and Vedaldi, Andrea and Zisserman, Andrew},
  keywords = {Computer Vision and Pattern Recognition (cs.CV), FOS: Computer and information sciences, FOS: Computer and information sciences},
  title = {Deep Inside Convolutional Networks: Visualising Image Classification Models and Saliency Maps},
  publisher = {arXiv},
  year = {2013},
  copyright = {arXiv.org perpetual, non-exclusive license}
}

@misc{IG,
  doi = {10.48550/ARXIV.1703.01365},
  url = {https://arxiv.org/abs/1703.01365},
  author = {Sundararajan, Mukund and Taly, Ankur and Yan, Qiqi},
  keywords = {Machine Learning (cs.LG), FOS: Computer and information sciences, FOS: Computer and information sciences},
  title = {Axiomatic Attribution for Deep Networks},
  publisher = {arXiv},
  year = {2017},
  copyright = {arXiv.org perpetual, non-exclusive license}
}

@misc{shap,
  doi = {10.48550/ARXIV.1705.07874},
  url = {https://arxiv.org/abs/1705.07874},
  author = {Lundberg, Scott and Lee, Su-In},
  keywords = {Artificial Intelligence (cs.AI), Machine Learning (cs.LG), Machine Learning (stat.ML), FOS: Computer and information sciences, FOS: Computer and information sciences},
  title = {A Unified Approach to Interpreting Model Predictions},
  publisher = {arXiv},
  year = {2017},  
  copyright = {arXiv.org perpetual, non-exclusive license}
}

@article{captumaigraph,
  title={GNNExplainer: Generating Explanations for Graph Neural Networks},
  author={Rex Ying and Dylan Bourgeois and Jiaxuan You and Marinka Zitnik and Jure Leskovec},
  journal={Advances in neural information processing systems},
  year={2019},
  volume={32}
}
@misc{torchgeo:online,
title = {torch\_geometric.explain — pytorch\_geometric documentation},
howpublished = {\url{https://pytorch-geometric.readthedocs.io/en/latest/modules/explain.html}},
}

@misc{gnnpaper,
  doi = {10.48550/ARXIV.1903.03894},
  url = {https://arxiv.org/abs/1903.03894},
  author = {Ying, Rex and Bourgeois, Dylan and You, Jiaxuan and Zitnik, Marinka and Leskovec, Jure},
  keywords = {Machine Learning (cs.LG), Machine Learning (stat.ML), FOS: Computer and information sciences, FOS: Computer and information sciences},
  title = {GNNExplainer: Generating Explanations for Graph Neural Networks},
  publisher = {arXiv},
  year = {2019},  
  copyright = {arXiv.org perpetual, non-exclusive license}
}

@article{ImageNet18:online,
  title={ImageNet: A large-scale hierarchical image database},
  author={Jia Deng and Wei Dong and Richard Socher and Li-Jia Li and K. Li and Li Fei-Fei},
  journal={2009 IEEE Conference on Computer Vision and Pattern Recognition},
  year={2009},
  pages={248-255}
}

@article{Rougier:2018,
  doi = {10.1038/d41586-018-04628-w},
  year = {2018},
  month = apr,
  publisher = {Springer Nature},
  volume = {556},
  number = {7701},
  pages = {309--309},
  author = {Rougier, Nicolas P. and Hinsen, Konrad},
  title = {Code reviewing puts extra demands on referees },
  journal = {Nature},
}

@article{Science:2018,
  doi = {10.1126/science.359.6377.725},
  author = {Hutson, Matthew},
  url = {http://science.sciencemag.org/content/359/6377/725},
  year = {2018},
  month = feb,
  volume = {359},
  number = {6377},
  title = {Artificial intelligence faces a replication crisis},
  journal = {Science},
}

@Misc{Roboto:2011,
  author =       {Christian Robertson},
  title =        {The Roboto family of fonts (Google)},
  url =          {https://github.com/google/roboto},
  year =         2011,
  note =         {Apache License, verison 2.0},
}

@Misc{SourceSerifPro:2014,
  author =       {Frank Grießhammer},
  title =        {Source Serif Pro (Adobe Systems)},
  url =          {https://github.com/adobe-fonts/source-serif-pro},
  year =         2014,
  note =         {SIL Open Font License, version 1.1},
}

@Misc{SourceCodePro:2012,
  author = {Paul D. Hunt},
  title = {Source Code Pro (Adobe Systems)},
  url = {https://github.com/adobe-fonts/source-code-pro},
  year = 2012,
  note = {SIL Open Font License, version 1.1},
}

@article{Topalidou:2015,
  author =       {Topalidou, Meropi and Rougier, Nicolas P.},
  title =        {{[Re] Interaction between cognitive and motor cortico-basal ganglia loops during decision making: a computational study}},
  journal =      {ReScience},
  year =         2015,
  volume =       1,
  number =       1,
  doi =          {10.5281/zenodo.27944},
}

@article{Rougier:2017,
  doi = {10.7717/peerj-cs.142},
  author =  {Nicolas P. Rougier and Konrad Hinsen and Frédéric Alexandre and Thomas Arildsen and Lorena Barba and Fabien C. Y. Benureau and C. Titus Brown and Pierre de Buyl and Ozan Caglayan and Andrew P. Davison and Marc André Delsuc and Georgios Detorakis and Alexandra K. Diem and Damien Drix and Pierre Enel and Benoît Girard and Olivia Guest and Matt G. Hall and Rafael Neto Henriques and Xavier Hinaut and Kamil S Jaron and Mehdi Khamassi and Almar Klein and Tiina Manninen and Pietro Marchesi and Dan McGlinn and Christoph Metzner and Owen L. Petchey and Hans Ekkehard Plesser and Timothée Poisot and Karthik Ram and Yoav Ram and Etienne Roesch and Cyrille Rossant and Vahid Rostami and Aaron Shifman and Joseph Stachelek and Marcel Stimberg and Frank Stollmeier and Federico Vaggi and Guillaume Viejo and Julien Vitay and Anya Vostinar and Roman Yurchak and Tiziano Zito},
  title = {{Sustainable computational science: the ReScience initiative}},
  journal =      {{PeerJ} Computer Science},
  month =        12,
  volume =       3,
  pages =        {e142},
  year =         2017,
  github =       {https://github.com/ReScience/ReScience-article-2},
  keywords =     {journal},
  tags =         {OS},
}

@article{Sinha:2022,
  author = {Sinha, Koustuv and Dodge, Jesse and Luccioni, Sasha and Forde, Jessica Zosa and Raparthy, Sharath Chandra and Pineau, Joelle and Stojnic, Robert},
  title = {{ML Reproducibility Challenge 2021}},
  journal = {ReScience C},
  year = {2022},
  month = may,
  volume = {8},
  number = {2},
  doi = {10.5281/zenodo.6574723},
  url = {https://zenodo.org/record/6574723/files/article.pdf},
  type = {Editorial},
  language = {Python},
  domain = {ML Reproducibility Challenge 2021},
  keywords = {rescience c, machine learning, deep learning, python, pytorch}
}

@article{Sinha:2021,
  author = {Sinha, Koustuv and Dodge, Jesse and Luccioni, Sasha and Forde, Jessica Zosa and Stojnic, Robert and Pineau, Joelle},
  title = {{ML Reproducibility Challenge 2020}},
  journal = {ReScience C},
  year = {2021},
  month = may,
  volume = {7},
  number = {2},
  doi = {10.5281/zenodo.4833117},
  url = {https://zenodo.org/record/4833117/files/article.pdf},
  type = {Editorial},
  keywords = {machine learning, neurips, reproducibility challenge}
}

@article{Sinha:2020,
  author = {Sinha, Koustuv and Pineau, Joelle and Forde, Jessica and Ke, Rosemary Nan and Larochelle, Hugo},
  title = {{NeurIPS 2019 Reproducibility Challenge}},
  journal = {ReScience C},
  year = {2020},
  month = may,
  volume = {6},
  number = {2},
  doi = {10.5281/zenodo.3818627},
  url = {https://zenodo.org/record/3818627/files/article.pdf},
  type = {Editorial},
  keywords = {machine learning, neurips, reproducibility challenge}
}

@article{Pineau:2019,
  author = {Pineau, Joelle and Sinha, Koustuv and Fried, Genevieve and Ke, Rosemary Nan and Larochelle, Hugo},
  title = {{ICLR Reproducibility Challenge 2019}},
  journal = {ReScience C},
  year = {2019},
  month = may,
  volume = {5},
  number = {2},
  doi = {10.5281/zenodo.3158244},
  url = {https://zenodo.org/record/3158244/files/article.pdf},
  review_url = {https://github.com/ReScience/submissions/issues/5},
  type = {Editorial},
  keywords = {machine learning, ICLR, reproducibility challenge}
}

@misc{Koh,
  doi = {10.48550/ARXIV.1703.04730},  
  url = {https://arxiv.org/abs/1703.04730}, 
  author = {Koh, Pang Wei and Liang, Percy},  
  keywords = {Machine Learning (stat.ML), Artificial Intelligence (cs.AI), Machine Learning (cs.LG), FOS: Computer and information sciences, FOS: Computer and information sciences},
  title = {Understanding Black-box Predictions via Influence Functions},
  publisher = {arXiv},
  year = {2017},
  copyright = {arXiv.org perpetual, non-exclusive license}
}

@misc{Pruthi,
  doi = {10.48550/ARXIV.2002.08484},
  url = {https://arxiv.org/abs/2002.08484},
  author = {Pruthi, Garima and Liu, Frederick and Sundararajan, Mukund and Kale, Satyen},
  keywords = {Machine Learning (cs.LG), Machine Learning (stat.ML), FOS: Computer and information sciences, FOS: Computer and information sciences},
  title = {Estimating Training Data Influence by Tracing Gradient Descent},
  publisher = {arXiv},
  year = {2020}, 
  copyright = {arXiv.org perpetual, non-exclusive license}
}

% @misc{crabbecerepr,
%   doi = {10.48550/ARXIV.2106.05303},  
%   url = {https://arxiv.org/abs/2106.05303},
%   author = {Crabbé, Jonathan and van der Schaar, Mihaela},
%   keywords = {Machine Learning (cs.LG), Artificial Intelligence (cs.AI), FOS: Computer and information sciences, FOS: Computer and information sciences},
%   title = {Explaining Time Series Predictions with Dynamic Masks},
%   publisher = {arXiv},
%   year = {2021},
%   copyright = {Creative Commons Attribution 4.0 International}
% }

@misc{agnewspaper,
  doi = {10.48550/ARXIV.1509.01626},
  url = {https://arxiv.org/abs/1509.01626},
  author = {Zhang, Xiang and Zhao, Junbo and LeCun, Yann},
  keywords = {Machine Learning (cs.LG), Computation and Language (cs.CL), FOS: Computer and information sciences, FOS: Computer and information sciences},
  title = {Character-level Convolutional Networks for Text Classification},
  publisher = {arXiv},
  year = {2015},  
  copyright = {arXiv.org perpetual, non-exclusive license}
}

@misc{torchseq2seq,
author = {Robertson},
title = {NLP from scratch: translation with a sequence to sequence network and attention},
howpublished = {\url{https://pytorch.org/tutorials/intermediate/seq2seq_translation_tutorial.html}}
}

@misc{tokenizers:online,
title = {Tokenizers},
howpublished = {\url{https://github.com/huggingface/tokenizers}},
}