@inproceedings{zhao,
author = {Zhao, Jieyu and Wang, Tianlu and Yatskar, Mark and Ordonez, Vicente and Chang, Kai-Wei},
year = {2017},
month = {01},
pages = {2979-2989},
title = {Men Also Like Shopping: Reducing Gender Bias Amplification using Corpus-level Constraints},
doi = {10.18653/v1/D17-1323}
}

@inproceedings{hirota,
  title={Quantifying Societal Bias Amplification in Image Captioning},
  author={Hirota, Yusuke and Nakashima, Yuta and Garcia, Noa},
  booktitle={Proceedings of the IEEE/CVF Conference on Computer Vision and Pattern Recognition},
  pages={13450--13459},
  year={2022}
 }

@inproceedings{nic,
author = {Vinyals, Oriol and Toshev, Alexander and Bengio, Samy and Erhan, Dumitru},
year = {2015},
month = {06},
pages = {3156-3164},
title = {Show and tell: A neural image caption generator},
doi = {10.1109/CVPR.2015.7298935}
}

@inproceedings{sat,
  title={Show, Attend and Tell: Neural Image Caption Generation with Visual Attention},
  author={Ke Xu and Jimmy Ba and Ryan Kiros and Kyunghyun Cho and Aaron C. Courville and Ruslan Salakhutdinov and Richard S. Zemel and Yoshua Bengio},
  booktitle={International Conference on Machine Learning},
  year={2015}
}

@article{fc-att2in,
  title={Self-Critical Sequence Training for Image Captioning},
  author={Steven J. Rennie and Etienne Marcheret and Youssef Mroueh and Jerret Ross and Vaibhava Goel},
  journal={2017 IEEE Conference on Computer Vision and Pattern Recognition (CVPR)},
  year={2016},
  pages={1179-1195}
}

@article{updn,
author = {Anderson, Peter and He, Xiaodong and Buehler, Chris and Teney, Damien and Johnson, Mark and Gould, Stephen and Zhang, Lei},
year = {2017},
month = {07},
pages = {},
title = {Bottom-Up and Top-Down Attention for Image Captioning and VQA}
}

@inproceedings{transformer,
 author = {Vaswani, Ashish and Shazeer, Noam and Parmar, Niki and Uszkoreit, Jakob and Jones, Llion and Gomez, Aidan N and Kaiser, \L ukasz and Polosukhin, Illia},
 booktitle = {Advances in Neural Information Processing Systems},
 editor = {I. Guyon and U. Von Luxburg and S. Bengio and H. Wallach and R. Fergus and S. Vishwanathan and R. Garnett},
 pages = {},
 publisher = {Curran Associates, Inc.},
 title = {Attention is All you Need},
 url = {https://proceedings.neurips.cc/paper/2017/file/3f5ee243547dee91fbd053c1c4a845aa-Paper.pdf},
 volume = {30},
 year = {2017}
}

@inproceedings{oscar,
  title={Oscar: Object-Semantics Aligned Pre-training for Vision-Language Tasks},
  author={Xiujun Li and Xi Yin and Chunyuan Li and Xiaowei Hu and Pengchuan Zhang and Lei Zhang and Lijuan Wang and Houdong Hu and Li Dong and Furu Wei and Yejin Choi and Jianfeng Gao},
  booktitle={European Conference on Computer Vision},
  year={2020}
}

@inbook{nic-plus,
author = {Hendricks, Lisa and Burns, Kaylee and Saenko, Kate and Darrell, Trevor and Rohrbach, Anna},
year = {2018},
month = {09},
pages = {793-811},
title = {Women Also Snowboard: Overcoming Bias in Captioning Models: 15th European Conference, Munich, Germany, September 8–14, 2018, Proceedings, Part III},
isbn = {978-3-030-01218-2},
doi = {10.1007/978-3-030-01219-9_47}
}

@misc{mscoco,
  doi = {10.48550/ARXIV.1504.00325},
  
  url = {https://arxiv.org/abs/1504.00325},
  
  author = {Chen, Xinlei and Fang, Hao and Lin, Tsung-Yi and Vedantam, Ramakrishna and Gupta, Saurabh and Dollar, Piotr and Zitnick, C. Lawrence},
  
  keywords = {Computer Vision and Pattern Recognition (cs.CV), Computation and Language (cs.CL), FOS: Computer and information sciences, FOS: Computer and information sciences},
  
  title = {Microsoft COCO Captions: Data Collection and Evaluation Server},
  
  publisher = {arXiv},
  
  year = {2015},
  
  copyright = {arXiv.org perpetual, non-exclusive license}
}

@inproceedings{annotations,
author = {Zhao, Dora and Wang, Angelina and Russakovsky, Olga},
year = {2021},
month = {10},
pages = {14810-14820},
title = {Understanding and Evaluating Racial Biases in Image Captioning},
doi = {10.1109/ICCV48922.2021.01456}
}

@article{bert,
  title={BERT: Pre-training of Deep Bidirectional Transformers for Language Understanding},
  author={Jacob Devlin and Ming-Wei Chang and Kenton Lee and Kristina Toutanova},
  journal={ArXiv},
  year={2019},
  volume={abs/1810.04805}
}

@article{lstm,
author = {Hochreiter, Sepp and Schmidhuber, Jürgen},
year = {1997},
month = {12},
pages = {1735-80},
title = {Long Short-term Memory},
volume = {9},
journal = {Neural computation},
doi = {10.1162/neco.1997.9.8.1735}
}

@misc{leakage,
  doi = {10.48550/ARXIV.1811.08489},
  
  url = {https://arxiv.org/abs/1811.08489},
  
  author = {Wang, Tianlu and Zhao, Jieyu and Yatskar, Mark and Chang, Kai-Wei and Ordonez, Vicente},
  
  keywords = {Computer Vision and Pattern Recognition (cs.CV), FOS: Computer and information sciences, FOS: Computer and information sciences},
  
  title = {Balanced Datasets Are Not Enough: Estimating and Mitigating Gender Bias in Deep Image Representations},
  
  publisher = {arXiv},
  
  year = {2018},
  
  copyright = {arXiv.org perpetual, non-exclusive license}
}





@article{Rougier:2018,
  doi = {10.1038/d41586-018-04628-w},
  year = {2018},
  month = apr,
  publisher = {Springer Nature},
  volume = {556},
  number = {7701},
  pages = {309--309},
  author = {Rougier, Nicolas P. and Hinsen, Konrad},
  title = {Code reviewing puts extra demands on referees },
  journal = {Nature},
}

@article{Science:2018,
  doi = {10.1126/science.359.6377.725},
  author = {Hutson, Matthew},
  url = {http://science.sciencemag.org/content/359/6377/725},
  year = {2018},
  month = feb,
  volume = {359},
  number = {6377},
  title = {Artificial intelligence faces a replication crisis},
  journal = {Science},
}

@Misc{Roboto:2011,
  author =       {Christian Robertson},
  title =        {The Roboto family of fonts (Google)},
  url =          {https://github.com/google/roboto},
  year =         2011,
  note =         {Apache License, verison 2.0},
}

@Misc{SourceSerifPro:2014,
  author =       {Frank Grießhammer},
  title =        {Source Serif Pro (Adobe Systems)},
  url =          {https://github.com/adobe-fonts/source-serif-pro},
  year =         2014,
  note =         {SIL Open Font License, version 1.1},
}

@Misc{SourceCodePro:2012,
  author =       {Paul D. Hunt},
  title =        {Source Code Pro (Adobe Systems)},
  url =          {https://github.com/adobe-fonts/source-code-pro},
  year =         2012,
  note =         {SIL Open Font License, version 1.1},
}

@article{Topalidou:2015,
  author =       {Topalidou, Meropi and Rougier, Nicolas P.},
  title =        {{[Re] Interaction between cognitive and motor cortico-basal
                  ganglia loops during decision making: a computational study}},
  journal =      {ReScience},
  year =         2015,
  volume =       1,
  number =       1,
  doi =          {10.5281/zenodo.27944},
}

@article{Rougier:2017,
  doi =          {10.7717/peerj-cs.142},
  author =       {Nicolas P. Rougier and Konrad Hinsen and Frédéric Alexandre
                  and Thomas Arildsen and Lorena Barba and Fabien
                  C. Y. Benureau and C. Titus Brown and Pierre de Buyl and Ozan
                  Caglayan and Andrew P. Davison and Marc André Delsuc and
                  Georgios Detorakis and Alexandra K. Diem and Damien Drix and
                  Pierre Enel and Benoît Girard and Olivia Guest and Matt
                  G. Hall and Rafael Neto Henriques and Xavier Hinaut and Kamil
                  S Jaron and Mehdi Khamassi and Almar Klein and Tiina Manninen
                  and Pietro Marchesi and Dan McGlinn and Christoph Metzner and
                  Owen L. Petchey and Hans Ekkehard Plesser and Timothée Poisot
                  and Karthik Ram and Yoav Ram and Etienne Roesch and Cyrille
                  Rossant and Vahid Rostami and Aaron Shifman and Joseph
                  Stachelek and Marcel Stimberg and Frank Stollmeier and
                  Federico Vaggi and Guillaume Viejo and Julien Vitay and Anya
                  Vostinar and Roman Yurchak and Tiziano Zito},
  title =        {{Sustainable computational science: the ReScience
                  initiative}},
  journal =      {{PeerJ} Computer Science},
  month =        12,
  volume =       3,
  pages =        {e142},
  year =         2017,
  github =       {https://github.com/ReScience/ReScience-article-2},
  keywords =     {journal},
  tags =         {OS},
}

@article{Sinha:2022,
  author = {Sinha, Koustuv and Dodge, Jesse and Luccioni, Sasha and Forde, Jessica Zosa and Raparthy, Sharath Chandra and Pineau, Joelle and Stojnic, Robert},
  title = {{ML Reproducibility Challenge 2021}},
  journal = {ReScience C},
  year = {2022},
  month = may,
  volume = {8},
  number = {2},
  pages = {{48}},
  doi = {10.5281/zenodo.6574723},
  url = {https://zenodo.org/record/6574723/files/article.pdf},
  code_url = {},
  code_doi = {},
  code_swh = {},
  data_url = {},
  data_doi = {},
  review_url = {},
  type = {Editorial},
  language = {Python},
  domain = {ML Reproducibility Challenge 2021},
  keywords = {rescience c, machine learning, deep learning, python, pytorch}
}

@article{Sinha:2021,
  author = {Sinha, Koustuv and Dodge, Jesse and Luccioni, Sasha and Forde, Jessica Zosa and Stojnic, Robert and Pineau, Joelle},
  title = {{ML Reproducibility Challenge 2020}},
  journal = {ReScience C},
  year = {2021},
  month = may,
  volume = {7},
  number = {2},
  pages = {{1}},
  doi = {10.5281/zenodo.4833117},
  url = {https://zenodo.org/record/4833117/files/article.pdf},
  code_url = {},
  code_doi = {},
  code_swh = {},
  data_url = {},
  data_doi = {},
  review_url = {},
  type = {Editorial},
  language = {},
  domain = {},
  keywords = {machine learning, neurips, reproducibility challenge}
}

@article{Sinha:2020,
  author = {Sinha, Koustuv and Pineau, Joelle and Forde, Jessica and Ke, Rosemary Nan and Larochelle, Hugo},
  title = {{NeurIPS 2019 Reproducibility Challenge}},
  journal = {ReScience C},
  year = {2020},
  month = may,
  volume = {6},
  number = {2},
  pages = {{11}},
  doi = {10.5281/zenodo.3818627},
  url = {https://zenodo.org/record/3818627/files/article.pdf},
  code_url = {},
  code_doi = {},
  code_swh = {},
  data_url = {},
  data_doi = {},
  review_url = {},
  type = {Editorial},
  language = {},
  domain = {},
  keywords = {machine learning, neurips, reproducibility challenge}
}

@article{Pineau:2019,
  author = {Pineau, Joelle and Sinha, Koustuv and Fried, Genevieve and Ke, Rosemary Nan and Larochelle, Hugo},
  title = {{ICLR Reproducibility Challenge 2019}},
  journal = {ReScience C},
  year = {2019},
  month = may,
  volume = {5},
  number = {2},
  pages = {{5}},
  doi = {10.5281/zenodo.3158244},
  url = {https://zenodo.org/record/3158244/files/article.pdf},
  code_url = {},
  code_doi = {},
  data_url = {},
  data_doi = {},
  review_url = {https://github.com/ReScience/submissions/issues/5},
  type = {Editorial},
  language = {},
  domain = {},
  keywords = {machine learning, ICLR, reproducibility challenge}
}

@misc{adam,
  doi = {10.48550/ARXIV.1412.6980},
  
  url = {https://arxiv.org/abs/1412.6980},
  
  author = {Kingma, Diederik P. and Ba, Jimmy},
  
  keywords = {Machine Learning (cs.LG), FOS: Computer and information sciences, FOS: Computer and information sciences},
  
  title = {Adam: A Method for Stochastic Optimization},
  
  publisher = {arXiv},
  
  year = {2014},
  
  copyright = {arXiv.org perpetual, non-exclusive license}
}

@misc{adamw,
  doi = {10.48550/ARXIV.1711.05101},
  
  url = {https://arxiv.org/abs/1711.05101},
  
  author = {Loshchilov, Ilya and Hutter, Frank},
  
  keywords = {Machine Learning (cs.LG), Neural and Evolutionary Computing (cs.NE), Optimization and Control (math.OC), FOS: Computer and information sciences, FOS: Computer and information sciences, FOS: Mathematics, FOS: Mathematics},
  
  title = {Decoupled Weight Decay Regularization},
  
  publisher = {arXiv},
  
  year = {2017},
  
  copyright = {arXiv.org perpetual, non-exclusive license}
}

@inproceedings{snowboard,
  title={Women also snowboard: Overcoming bias in captioning models},
  author={Hendricks, Lisa Anne and Burns, Kaylee and Saenko, Kate and Darrell, Trevor and Rohrbach, Anna},
  booktitle={Proceedings of the European conference on computer vision (ECCV)},
  pages={771--787},
  year={2018}
}