@inproceedings{cartoonX,
  title={Cartoon explanations of image classifiers},
  author={Kolek, Stefan and Nguyen, Duc Anh and Levie, Ron and Bruna, Joan and Kutyniok, Gitta},
  booktitle={European Conference on Computer Vision},
  pages={443--458},
  year={2022},
  organization={Springer}
}

@inproceedings{chefer2021transformer,
  title={Transformer interpretability beyond attention visualization},
  author={Chefer, Hila and Gur, Shir and Wolf, Lior},
  booktitle={Proceedings of the IEEE/CVF Conference on Computer Vision and Pattern Recognition},
  pages={782--791},
  year={2021}
}

@inproceedings{mobilenetv3,
  title={Searching for mobilenetv3},
  author={Howard, Andrew and Sandler, Mark and Chu, Grace and Chen, Liang-Chieh and Chen, Bo and Tan, Mingxing and Wang, Weijun and Zhu, Yukun and Pang, Ruoming and Vasudevan, Vijay and others},
  booktitle={Proceedings of the IEEE/CVF international conference on computer vision},
  pages={1314--1324},
  year={2019}
}

@article{vgg16,
  title={RadioUNet: Fast radio map estimation with convolutional neural networks},
  author={Levie, Ron and Yapar, {\c{C}}a{\u{g}}kan and Kutyniok, Gitta and Caire, Giuseppe},
  journal={IEEE Transactions on Wireless Communications},
  volume={20},
  number={6},
  pages={4001--4015},
  year={2021},
  publisher={IEEE}
}

@inproceedings{efficientVisionTransformer,
  title={Training data-efficient image transformers \& distillation through attention},
  author={Touvron, Hugo and Cord, Matthieu and Douze, Matthijs and Massa, Francisco and Sablayrolles, Alexandre and J{\'e}gou, Herv{\'e}},
  booktitle={International Conference on Machine Learning},
  pages={10347--10357},
  year={2021},
  organization={PMLR}
}

@article{rdeOriginal,
  title={A rate-distortion framework for explaining neural network decisions},
  author={MacDonald, Jan and W{\"a}ldchen, Stephan and Hauch, Sascha and Kutyniok, Gitta},
  journal={arXiv preprint arXiv:1905.11092},
  year={2019}
}

@article{rdeExtend,
  title={In-distribution interpretability for challenging modalities},
  author={Hei{\ss}, Cosmas and Levie, Ron and Resnick, Cinjon and Kutyniok, Gitta and Bruna, Joan},
  journal={arXiv preprint arXiv:2007.00758},
  year={2020}
}

@article{smilkov2017smoothgrad,
  title={Smoothgrad: removing noise by adding noise},
  author={Smilkov, Daniel and Thorat, Nikhil and Kim, Been and Vi{\'e}gas, Fernanda and Wattenberg, Martin},
  journal={arXiv preprint arXiv:1706.03825},
  year={2017}
}

@article{jain2019attention_not_explanation,
  title={Attention is not explanation},
  author={Jain, Sarthak and Wallace, Byron C},
  journal={arXiv preprint arXiv:1902.10186},
  year={2019}
}

@inproceedings{ribeiro2016lime,
  title={" Why should i trust you?" Explaining the predictions of any classifier},
  author={Ribeiro, Marco Tulio and Singh, Sameer and Guestrin, Carlos},
  booktitle={Proceedings of the 22nd ACM SIGKDD international conference on knowledge discovery and data mining},
  pages={1135--1144},
  year={2016}
}

@article{Rougier:2018,
  doi = {10.1038/d41586-018-04628-w},
  year = {2018},
  month = apr,
  publisher = {Springer Nature},
  volume = {556},
  number = {7701},
  pages = {309--309},
  author = {Rougier, Nicolas P. and Hinsen, Konrad},
  title = {Code reviewing puts extra demands on referees },
  journal = {Nature},
}

@article{Science:2018,
  doi = {10.1126/science.359.6377.725},
  author = {Hutson, Matthew},
  url = {http://science.sciencemag.org/content/359/6377/725},
  year = {2018},
  month = feb,
  volume = {359},
  number = {6377},
  title = {Artificial intelligence faces a replication crisis},
  journal = {Science},
}

@Misc{Roboto:2011,
  author =       {Christian Robertson},
  title =        {The Roboto family of fonts (Google)},
  url =          {https://github.com/google/roboto},
  year =         2011,
  note =         {Apache License, verison 2.0},
}

@Misc{SourceSerifPro:2014,
  author =       {Frank Grießhammer},
  title =        {Source Serif Pro (Adobe Systems)},
  url =          {https://github.com/adobe-fonts/source-serif-pro},
  year =         2014,
  note =         {SIL Open Font License, version 1.1},
}

@Misc{SourceCodePro:2012,
  author =       {Paul D. Hunt},
  title =        {Source Code Pro (Adobe Systems)},
  url =          {https://github.com/adobe-fonts/source-code-pro},
  year =         2012,
  note =         {SIL Open Font License, version 1.1},
}

@article{Topalidou:2015,
  author =       {Topalidou, Meropi and Rougier, Nicolas P.},
  title =        {{[Re] Interaction between cognitive and motor cortico-basal
                  ganglia loops during decision making: a computational study}},
  journal =      {ReScience},
  year =         2015,
  volume =       1,
  number =       1,
  doi =          {10.5281/zenodo.27944},
}

@article{Rougier:2017,
  doi =          {10.7717/peerj-cs.142},
  author =       {Nicolas P. Rougier and Konrad Hinsen and Frédéric Alexandre
                  and Thomas Arildsen and Lorena Barba and Fabien
                  C. Y. Benureau and C. Titus Brown and Pierre de Buyl and Ozan
                  Caglayan and Andrew P. Davison and Marc André Delsuc and
                  Georgios Detorakis and Alexandra K. Diem and Damien Drix and
                  Pierre Enel and Benoît Girard and Olivia Guest and Matt
                  G. Hall and Rafael Neto Henriques and Xavier Hinaut and Kamil
                  S Jaron and Mehdi Khamassi and Almar Klein and Tiina Manninen
                  and Pietro Marchesi and Dan McGlinn and Christoph Metzner and
                  Owen L. Petchey and Hans Ekkehard Plesser and Timothée Poisot
                  and Karthik Ram and Yoav Ram and Etienne Roesch and Cyrille
                  Rossant and Vahid Rostami and Aaron Shifman and Joseph
                  Stachelek and Marcel Stimberg and Frank Stollmeier and
                  Federico Vaggi and Guillaume Viejo and Julien Vitay and Anya
                  Vostinar and Roman Yurchak and Tiziano Zito},
  title =        {{Sustainable computational science: the ReScience
                  initiative}},
  journal =      {{PeerJ} Computer Science},
  month =        12,
  volume =       3,
  pages =        {e142},
  year =         2017,
  github =       {https://github.com/ReScience/ReScience-article-2},
  keywords =     {journal},
  tags =         {OS},
}

@article{Sinha:2022,
  author = {Sinha, Koustuv and Dodge, Jesse and Luccioni, Sasha and Forde, Jessica Zosa and Raparthy, Sharath Chandra and Pineau, Joelle and Stojnic, Robert},
  title = {{ML Reproducibility Challenge 2021}},
  journal = {ReScience C},
  year = {2022},
  month = may,
  volume = {8},
  number = {2},
  pages = {{#48}},
  doi = {10.5281/zenodo.6574723},
  url = {https://zenodo.org/record/6574723/files/article.pdf},
  code_url = {},
  code_doi = {},
  code_swh = {},
  data_url = {},
  data_doi = {},
  review_url = {},
  type = {Editorial},
  language = {Python},
  domain = {ML Reproducibility Challenge 2021},
  keywords = {rescience c, machine learning, deep learning, python, pytorch}
}

@article{Sinha:2021,
  author = {Sinha, Koustuv and Dodge, Jesse and Luccioni, Sasha and Forde, Jessica Zosa and Stojnic, Robert and Pineau, Joelle},
  title = {{ML Reproducibility Challenge 2020}},
  journal = {ReScience C},
  year = {2021},
  month = may,
  volume = {7},
  number = {2},
  pages = {{#1}},
  doi = {10.5281/zenodo.4833117},
  url = {https://zenodo.org/record/4833117/files/article.pdf},
  code_url = {},
  code_doi = {},
  code_swh = {},
  data_url = {},
  data_doi = {},
  review_url = {},
  type = {Editorial},
  language = {},
  domain = {},
  keywords = {machine learning, neurips, reproducibility challenge}
}

@article{Sinha:2020,
  author = {Sinha, Koustuv and Pineau, Joelle and Forde, Jessica and Ke, Rosemary Nan and Larochelle, Hugo},
  title = {{NeurIPS 2019 Reproducibility Challenge}},
  journal = {ReScience C},
  year = {2020},
  month = may,
  volume = {6},
  number = {2},
  pages = {{#11}},
  doi = {10.5281/zenodo.3818627},
  url = {https://zenodo.org/record/3818627/files/article.pdf},
  code_url = {},
  code_doi = {},
  code_swh = {},
  data_url = {},
  data_doi = {},
  review_url = {},
  type = {Editorial},
  language = {},
  domain = {},
  keywords = {machine learning, neurips, reproducibility challenge}
}

@article{Pineau:2019,
  author = {Pineau, Joelle and Sinha, Koustuv and Fried, Genevieve and Ke, Rosemary Nan and Larochelle, Hugo},
  title = {{ICLR Reproducibility Challenge 2019}},
  journal = {ReScience C},
  year = {2019},
  month = may,
  volume = {5},
  number = {2},
  pages = {{#5}},
  doi = {10.5281/zenodo.3158244},
  url = {https://zenodo.org/record/3158244/files/article.pdf},
  code_url = {},
  code_doi = {},
  data_url = {},
  data_doi = {},
  review_url = {https://github.com/ReScience/submissions/issues/5},
  type = {Editorial},
  language = {},
  domain = {},
  keywords = {machine learning, ICLR, reproducibility challenge}
}

@article{das2020opportunities,
  title={Opportunities and challenges in explainable artificial intelligence (xai): A survey},
  author={Das, Arun and Rad, Paul},
  journal={arXiv preprint arXiv:2006.11371},
  year={2020}
}

@article{kingma2014adam,
  title={Adam: A method for stochastic optimization},
  author={Kingma, Diederik P and Ba, Jimmy},
  journal={arXiv preprint arXiv:1412.6980},
  year={2014}
}

@article{abnar2020quantifying,
  title={Quantifying attention flow in transformers},
  author={Abnar, Samira and Zuidema, Willem},
  journal={arXiv preprint arXiv:2005.00928},
  year={2020}
}
@misc{vitexplain_repo,
  author = {Gildenblat, J.},
  title = {Explainability for Vision Transformers (in PyTorch)},
  year = {2020},
  publisher = {GitHub},
  journal = {GitHub repository},
  howpublished = {\url{https://github.com/jacobgil/vit-explain}},
  % commit = {4f57d6a0e4c030202a07a60bc1bb1ed1544bf679}
}

@InProceedings{pmlr-v139-touvron21a,
  title =     {Training data-efficient image transformers &amp; distillation through attention},
  author =    {Touvron, Hugo and Cord, Matthieu and Douze, Matthijs and Massa, Francisco and Sablayrolles, Alexandre and Jegou, Herve},
  booktitle = {International Conference on Machine Learning},
  pages =     {10347--10357},
  year =      {2021},
  volume =    {139},
  month =     {July}
}
