@InProceedings{10.1007/978-3-030-58577-8_11,
author="Chang, Meng
and Li, Qi
and Feng, Huajun
and Xu, Zhihai",
editor="Vedaldi, Andrea
and Bischof, Horst
and Brox, Thomas
and Frahm, Jan-Michael",
title="Spatial-Adaptive Network for Single Image Denoising",
booktitle="Computer Vision -- ECCV 2020",
year="2020",
publisher="Springer International Publishing",
address="Cham",
pages="171--187"
}

@inproceedings{NEURIPS2018_f0e52b27,
 author = {Pl\"{o}tz, Tobias and Roth, Stefan},
 booktitle = {Advances in Neural Information Processing Systems},
 editor = {S. Bengio and H. Wallach and H. Larochelle and K. Grauman and N. Cesa-Bianchi and R. Garnett},
 pages = {},
 publisher = {Curran Associates, Inc.},
 title = {Neural Nearest Neighbors Networks},
 url = {https://proceedings.neurips.cc/paper/2018/file/f0e52b27a7a5d6a1a87373dffa53dbe5-Paper.pdf},
 volume = {31},
 year = {2018}
}

@article{Zhou_Jiao_Huang_Wang_Wang_Shi_Huang_2020, title={When AWGN-Based Denoiser Meets Real Noises}, volume={34}, url={https://ojs.aaai.org/index.php/AAAI/article/view/7009}, DOI={10.1609/aaai.v34i07.7009}, number={07}, journal={Proceedings of the AAAI Conference on Artificial Intelligence}, author={Zhou, Yuqian and Jiao, Jianbo and Huang, Haibin and Wang, Yang and Wang, Jue and Shi, Honghui and Huang, Thomas}, year={2020}, month={Apr.}, pages={13074-13081} }

@article{Guo2019Cbdnet,
  title={Toward convolutional blind denoising of real photographs},
  author={Guo, Shi and Yan, Zifei and Zhang, Kai and Zuo, Wangmeng and Zhang, Lei},
  journal={2019 IEEE Conference on Computer Vision and Pattern Recognition (CVPR)},
  year={2019}
}

@article{anwar2019ridnet,
  title={Real Image Denoising with Feature Attention},
  author={Anwar, Saeed and Barnes, Nick},
  journal={IEEE International Conference on Computer Vision (ICCV-Oral)},
  year={2019}
}

@incollection{NEURIPS2019_9015,
title = {PyTorch: An Imperative Style, High-Performance Deep Learning Library},
author = {Paszke, Adam and Gross, Sam and Massa, Francisco and Lerer, Adam and Bradbury, James and Chanan, Gregory and Killeen, Trevor and Lin, Zeming and Gimelshein, Natalia and Antiga, Luca and Desmaison, Alban and Kopf, Andreas and Yang, Edward and DeVito, Zachary and Raison, Martin and Tejani, Alykhan and Chilamkurthy, Sasank and Steiner, Benoit and Fang, Lu and Bai, Junjie and Chintala, Soumith},
booktitle = {Advances in Neural Information Processing Systems 32},
editor = {H. Wallach and H. Larochelle and A. Beygelzimer and F. d\textquotesingle Alch\'{e}-Buc and E. Fox and R. Garnett},
pages = {8024--8035},
year = {2019},
publisher = {Curran Associates, Inc.},
url = {http://papers.neurips.cc/paper/9015-pytorch-an-imperative-style-high-performance-deep-learning-library.pdf}
}

@InProceedings{pmlr-v37-ioffe15, title = {Batch Normalization: Accelerating Deep Network Training by Reducing Internal Covariate Shift}, author = {Ioffe, Sergey and Szegedy, Christian}, booktitle = {Proceedings of the 32nd International Conference on Machine Learning}, pages = {448--456}, year = {2015}, editor = {Bach, Francis and Blei, David}, volume = {37}, series = {Proceedings of Machine Learning Research}, address = {Lille, France}, month = {07--09 Jul}, publisher = {PMLR}, pdf = {http://proceedings.mlr.press/v37/ioffe15.pdf}, url = { http://proceedings.mlr.press/v37/ioffe15.html } }

@misc{wandb,
title = {Experiment Tracking with Weights and Biases},
year = {2020},
note = {Software available from wandb.com},
url={https://www.wandb.com/},
author = {Biewald, Lukas},
}

@InProceedings{SIDD_2018_CVPR, author = {Abdelhamed, Abdelrahman and Lin, Stephen and Brown, Michael S.}, title = {A High-Quality Denoising Dataset for Smartphone Cameras}, booktitle = {IEEE Conference on Computer Vision and Pattern Recognition (CVPR)}, month = {June}, year = {2018} }

@article{renoir,
  author    = {Josue Anaya and
               Adrian Barbu},
  title     = {{RENOIR} - {A} Benchmark Dataset for Real Noise Reduction Evaluation},
  journal   = {CoRR},
  volume    = {abs/1409.8230},
  year      = {2014},
  url       = {http://arxiv.org/abs/1409.8230},
  archivePrefix = {arXiv},
  eprint    = {1409.8230},
  timestamp = {Mon, 13 Aug 2018 16:47:19 +0200},
  biburl    = {https://dblp.org/rec/journals/corr/AnayaB14.bib},
  bibsource = {dblp computer science bibliography, https://dblp.org}
}

@INPROCEEDINGS{8099777,
  author={T. {Pl√∂tz} and S. {Roth}},
  booktitle={2017 IEEE Conference on Computer Vision and Pattern Recognition (CVPR)}, 
  title={Benchmarking Denoising Algorithms with Real Photographs}, 
  year={2017},
  volume={},
  number={},
  pages={2750-2759},
  doi={10.1109/CVPR.2017.294}}

@InProceedings{Agustsson_2017_CVPR_Workshops,
author = {Agustsson, Eirikur and Timofte, Radu},
title = {NTIRE 2017 Challenge on Single Image Super-Resolution: Dataset and Study},
booktitle = {Proceedings of the IEEE Conference on Computer Vision and Pattern Recognition (CVPR) Workshops},
month = {July},
year = {2017}
}

@inproceedings{937655,
  doi = {10.1109/ICCV.2001.937655},
  interhash = {baf41351e06bf6a4a4be3049a2d2e09c},
  intrahash = {052502333c76d300a86fce279aec231e},
  keywords = {benchmark database segmentation video},
  pages = {416-423 vol.2},
  timestamp = {2014-07-29T13:57:41.000+0200},
  title = {A database of human segmented natural images and its application to evaluating segmentation algorithms and measuring ecological statistics},
  url = {http://ieeexplore.ieee.org/xpls/abs_all.jsp?arnumber=937655},
  volume = 2,
  year = 2001
}

@INPROCEEDINGS{Maas13rectifiernonlinearities,
    author = {Andrew L. Maas and Awni Y. Hannun and Andrew Y. Ng},
    title = {Rectifier nonlinearities improve neural network acoustic models},
    booktitle = {in ICML Workshop on Deep Learning for Audio, Speech and Language Processing},
    year = {2013}
}

@InProceedings{kingma:adam,
author = {Kingma, Diederick P and Ba, Jimmy},
title = {Adam: A method for stochastic optimization},
booktitle = { International Conference on Learning Representations (ICLR) },
year = {2015}
}

@INPROCEEDINGS{7780459,
  author={K. {He} and X. {Zhang} and S. {Ren} and J. {Sun}},
  booktitle={2016 IEEE Conference on Computer Vision and Pattern Recognition (CVPR)}, 
  title={Deep Residual Learning for Image Recognition}, 
  year={2016},
  volume={},
  number={},
  pages={770-778},
  doi={10.1109/CVPR.2016.90}}

@INPROCEEDINGS{4378954,
  author={K. {Dabov} and A. {Foi} and V. {Katkovnik} and K. {Egiazarian}},
  booktitle={2007 IEEE International Conference on Image Processing}, 
  title={Color Image Denoising via Sparse 3D Collaborative Filtering with Grouping Constraint in Luminance-Chrominance Space}, 
  year={2007},
  volume={1},
  number={},
  pages={I - 313-I - 316},
  doi={10.1109/ICIP.2007.4378954}}


@article{zhang2017beyond,
  title={Beyond a {Gaussian} denoiser: Residual learning of deep {CNN} for image denoising},
  author={Zhang, Kai and Zuo, Wangmeng and Chen, Yunjin and Meng, Deyu and Zhang, Lei},
  journal={IEEE Transactions on Image Processing},
  year={2017},
  volume={26}, 
  number={7}, 
  pages={3142-3155}, 
}

@INPROCEEDINGS{8237748,
  author={Y. {Tai} and J. {Yang} and X. {Liu} and C. {Xu}},
  booktitle={2017 IEEE International Conference on Computer Vision (ICCV)}, 
  title={MemNet: A Persistent Memory Network for Image Restoration}, 
  year={2017},
  volume={},
  number={},
  pages={4549-4557},
  doi={10.1109/ICCV.2017.486}}

@article{zhang2018ffdnet,
  title={FFDNet: Toward a Fast and Flexible Solution for {CNN} based Image Denoising},
  author={Zhang, Kai and Zuo, Wangmeng and Zhang, Lei},
  journal={IEEE Transactions on Image Processing},
  year={2018},
}

@inproceedings{
zhang2018residual,
title={Residual Non-local Attention Networks for Image Restoration},
author={Yulun Zhang and Kunpeng Li and Kai Li and Bineng Zhong and Yun Fu},
booktitle={International Conference on Learning Representations},
year={2019},
url={https://openreview.net/forum?id=HkeGhoA5FX},
}

@inproceedings{Glorot2010UnderstandingTD,
  title={Understanding the difficulty of training deep feedforward neural networks},
  author={Xavier Glorot and Yoshua Bengio},
  booktitle={AISTATS},
  year={2010}
}

@article{He2015DelvingDI,
  title={Delving Deep into Rectifiers: Surpassing Human-Level Performance on ImageNet Classification},
  author={Kaiming He and X. Zhang and Shaoqing Ren and Jian Sun},
  journal={2015 IEEE International Conference on Computer Vision (ICCV)},
  year={2015},
  pages={1026-1034}
}

@inproceedings{deform,
author = {Zhu, Xizhou and Hu, Han and Lin, Stephen and Dai, Jifeng},
year = {2019},
month = {06},
pages = {9300-9308},
title = {Deformable ConvNets V2: More Deformable, Better Results},
doi = {10.1109/CVPR.2019.00953}
}
