@article{RecidivismRandomForest,
title = {Opening the Black Box: The Promise and Limitations of Explainable Machine Learning in Cardiology},
journal = {Canadian Journal of Cardiology},
volume = {38},
number = {2},
pages = {204-213},
year = {2022},
note = {Focus Issue: New Digital Technologies in Cardiology},
issn = {0828-282X},
doi = {https://doi.org/10.1016/j.cjca.2021.09.004},
url = {https://www.sciencedirect.com/science/article/pii/S0828282X21007030},
author = {Jeremy Petch and Shuang Di and Walter Nelson},
abstract = {}
}

@article{MedicalImagingFailure,
author = {Varoquaux, Gael and Cheplygina, Veronika},
year = {2022},
month = {04},
pages = {48},
title = {Machine learning for medical imaging: methodological failures and recommendations for the future},
volume = {5},
journal = {npj Digital Medicine},
doi = {10.1038/s41746-022-00592-y}
}

@article{NonAdditiveExplainability,
  author    = {Alicja Gosiewska and
               Przemyslaw Biecek},
  title     = {iBreakDown: Uncertainty of Model Explanations for Non-additive Predictive
               Models},
  journal   = {CoRR},
  volume    = {abs/1903.11420},
  year      = {2019},
  url       = {http://arxiv.org/abs/1903.11420},
  eprinttype = {arXiv},
  eprint    = {1903.11420},
  timestamp = {Sat, 23 Jan 2021 01:12:57 +0100},
  biburl    = {https://dblp.org/rec/journals/corr/abs-1903-11420.bib},
  bibsource = {dblp computer science bibliography, https://dblp.org}
}

@article{EntropyBasedExplainability,
  author    = {Pietro Barbiero and
               Gabriele Ciravegna and
               Francesco Giannini and
               Pietro Li{\'{o}} and
               Marco Gori and
               Stefano Melacci},
  title     = {Entropy-based Logic Explanations of Neural Networks},
  journal   = {CoRR},
  volume    = {abs/2106.06804},
  year      = {2021},
  url       = {https://arxiv.org/abs/2106.06804},
  eprinttype = {arXiv},
  eprint    = {2106.06804},
  timestamp = {Tue, 15 Jun 2021 16:35:15 +0200},
  biburl    = {https://dblp.org/rec/journals/corr/abs-2106-06804.bib},
  bibsource = {dblp computer science bibliography, https://dblp.org}
}

@misc{GuidelinesXAI,
  doi = {10.48550/ARXIV.1906.03533},
  
  url = {https://arxiv.org/abs/1906.03533},
  
  author = {Hall, Patrick and Gill, Navdeep and Schmidt, Nicholas},
  
  keywords = {Machine Learning (stat.ML), Artificial Intelligence (cs.AI), Machine Learning (cs.LG), FOS: Computer and information sciences, FOS: Computer and information sciences},
  
  title = {Proposed Guidelines for the Responsible Use of Explainable Machine Learning},
  
  publisher = {arXiv},
  
  year = {2019},
  
  copyright = {Creative Commons Attribution 4.0 International}
}

@article{ModelExplainability,
  author    = {Zachary Chase Lipton},
  title     = {The Mythos of Model Interpretability},
  journal   = {CoRR},
  volume    = {abs/1606.03490},
  year      = {2016},
  url       = {http://arxiv.org/abs/1606.03490},
  eprinttype = {arXiv},
  eprint    = {1606.03490},
  timestamp = {Mon, 13 Aug 2018 16:48:59 +0200},
  biburl    = {https://dblp.org/rec/journals/corr/Lipton16a.bib},
  bibsource = {dblp computer science bibliography, https://dblp.org}
}


@InProceedings{ConceptActivationVectors,
  title = 	 {Interpretability Beyond Feature Attribution: Quantitative Testing with Concept Activation Vectors ({TCAV})},
  author =       {Kim, Been and Wattenberg, Martin and Gilmer, Justin and Cai, Carrie and Wexler, James and Viegas, Fernanda and sayres, Rory},
  booktitle = 	 {Proceedings of the 35th International Conference on Machine Learning},
  pages = 	 {2668--2677},
  year = 	 {2018},
  editor = 	 {Dy, Jennifer and Krause, Andreas},
  volume = 	 {80},
  series = 	 {Proceedings of Machine Learning Research},
  month = 	 Jul,
  publisher =    {PMLR},
  pdf = 	 {http://proceedings.mlr.press/v80/kim18d/kim18d.pdf},
  url = 	 {https://proceedings.mlr.press/v80/kim18d.html},
}

@article{ching2018opportunities,
  title={Opportunities and obstacles for deep learning in biology and medicine},
  author={Ching, Travers and Himmelstein, Daniel S and Beaulieu-Jones, Brett K and Kalinin, Alexandr A and Do, Brian T and Way, Gregory P and Ferrero, Enrico and Agapow, Paul-Michael and Zietz, Michael and Hoffman, Michael M and others},
  journal={Journal of The Royal Society Interface},
  volume={15},
  number={141},
  pages={20170387},
  year={2018},
  publisher={The Royal Society}
}

@article{tjoa2020survey,
  title={A survey on explainable artificial intelligence (xai): Toward medical xai},
  author={Tjoa, Erico and Guan, Cuntai},
  journal={IEEE transactions on neural networks and learning systems},
  volume={32},
  number={11},
  pages={4793--4813},
  year={2020},
  publisher={IEEE}
}

@InProceedings{LabelFreeExplainability,
  title = 	 {Label-Free Explainability for Unsupervised Models},
  author =       {Crabb{\'e}, Jonathan and van der Schaar, Mihaela},
  booktitle = 	 {Proceedings of the 39th International Conference on Machine Learning},
  pages = 	 {4391--4420},
  year = 	 {2022},
  editor = 	 {Chaudhuri, Kamalika and Jegelka, Stefanie and Song, Le and Szepesvari, Csaba and Niu, Gang and Sabato, Sivan},
  volume = 	 {162},
  series = 	 {Proceedings of Machine Learning Research},
  month = 	 Jul,
  publisher =    {PMLR},
  pdf = 	 {https://proceedings.mlr.press/v162/crabbe22a/crabbe22a.pdf},
  url = 	 {https://proceedings.mlr.press/v162/crabbe22a.html},
  abstract = 	 {}
}

%@misc{git-label,
%  author = {Crabb{\'e}, Jonathan and van der Schaar, Mihaela},
%  title = {Label-Free Explainability for Unsupervised Models},
%  year = {2022},
%  publisher = {GitHub},
%  journal = {GitHub repository},
%  howpublished = {\url{https://https://github.com/vanderschaarlab/Label-Free-XAI}}
%}

@article{lecun1998gradient,
  title={Gradient-based learning applied to document recognition},
  author={LeCun, Yann and Bottou, L{\'e}on and Bengio, Yoshua and Haffner, Patrick},
  journal={Proceedings of the IEEE},
  volume={86},
  number={11},
  pages={2278--2324},
  year={1998},
  publisher={Ieee}
}

@article{goldberger2000physiobank,
  title={PhysioBank, PhysioToolkit, and PhysioNet: components of a new research resource for complex physiologic signals},
  author={Goldberger, Ary L and Amaral, Luis AN and Glass, Leon and Hausdorff, Jeffrey M and Ivanov, Plamen Ch and Mark, Roger G and Mietus, Joseph E and Moody, George B and Peng, Chung-Kang and Stanley, H Eugene},
  journal={circulation},
  volume={101},
  number={23},
  pages={e215--e220},
  year={2000},
  publisher={Am Heart Assoc}
}

@inproceedings{chen2020simple,
  title={A simple framework for contrastive learning of visual representations},
  author={Chen, Ting and Kornblith, Simon and Norouzi, Mohammad and Hinton, Geoffrey},
  booktitle={International conference on machine learning},
  pages={1597--1607},
  year={2020},
  organization={PMLR}
}

@inproceedings{he2016deep,
  title={Deep residual learning for image recognition},
  author={He, Kaiming and Zhang, Xiangyu and Ren, Shaoqing and Sun, Jian},
  booktitle={Proceedings of the IEEE conference on computer vision and pattern recognition},
  pages={770--778},
  year={2016}
}

@article{deng2012mnist,
  title={The mnist database of handwritten digit images for machine learning research},
  author={Deng, Li},
  journal={IEEE Signal Processing Magazine},
  volume={29},
  number={6},
  pages={141--142},
  year={2012},
  publisher={IEEE}
}

@article{higgins2016beta,
  title={beta-vae: Learning basic visual concepts with a constrained variational framework},
  author={Higgins, Irina and Matthey, Loic and Pal, Arka and Burgess, Christopher and Glorot, Xavier and Botvinick, Matthew and Mohamed, Shakir and Lerchner, Alexander},
  year={2016}
}
@article{pandit2020inference,
  title={Inference with deep generative priors in high dimensions},
  author={Pandit, Parthe and Sahraee-Ardakan, Mojtaba and Rangan, Sundeep and Schniter, Philip and Fletcher, Alyson K},
  journal={IEEE Journal on Selected Areas in Information Theory},
  volume={1},
  number={1},
  pages={336--347},
  year={2020},
  publisher={IEEE}
}

@article{chen2018isolating,
  title={Isolating sources of disentanglement in variational autoencoders},
  author={Chen, Ricky TQ and Li, Xuechen and Grosse, Roger B and Duvenaud, David K},
  journal={Advances in neural information processing systems},
  volume={31},
  year={2018}
}

@misc{dsprites17,
author = {Loic Matthey and Irina Higgins and Demis Hassabis and Alexander Lerchner},
title = {dSprites: Disentanglement testing Sprites dataset},
howpublished= {https://github.com/deepmind/dsprites-dataset/},
year = "2017",
}

@article{krizhevsky2009learning,
  title={Learning multiple layers of features from tiny images},
  author={Krizhevsky, Alex and Hinton, Geoffrey and others},
  year={2009},
  publisher={Toronto, ON, Canada}
}

@article{le2013methods,
  title={Methods for comparing scanpaths and saliency maps: strengths and weaknesses},
  author={Le Meur, Olivier and Baccino, Thierry},
  journal={Behavior research methods},
  volume={45},
  number={1},
  pages={251--266},
  year={2013},
  publisher={Springer}
}

@inproceedings{stackedcaps2019,
 author = {Kosiorek, Adam and Sabour, Sara and Teh, Yee Whye and Hinton, Geoffrey E},
 booktitle = {Advances in Neural Information Processing Systems},
 editor = {H. Wallach and H. Larochelle and A. Beygelzimer and F. d\textquotesingle Alch\'{e}-Buc and E. Fox and R. Garnett},
 pages = {},
 publisher = {Curran Associates, Inc.},
 title = {Stacked Capsule Autoencoders},
 url = {https://proceedings.neurips.cc/paper/2019/file/2e0d41e02c5be4668ec1b0730b3346a8-Paper.pdf},
 volume = {32},
 year = {2019}
}

@article{simonyan2013deep,
  title={Deep inside convolutional networks: Visualising image classification models and saliency maps},
  author={Simonyan, Karen and Vedaldi, Andrea and Zisserman, Andrew},
  journal={arXiv preprint arXiv:1312.6034},
  year={2013}
}

@inproceedings{sundararajan2017axiomatic,
  title={Axiomatic attribution for deep networks},
  author={Sundararajan, Mukund and Taly, Ankur and Yan, Qiqi},
  booktitle={International conference on machine learning},
  pages={3319--3328},
  year={2017},
  organization={PMLR}
}

@article{lundberg2017unified,
  title={A unified approach to interpreting model predictions},
  author={Lundberg, Scott M and Lee, Su-In},
  journal={Advances in neural information processing systems},
  volume={30},
  year={2017}
}

@inproceedings{koh2017understanding,
  title={Understanding black-box predictions via influence functions},
  author={Koh, Pang Wei and Liang, Percy},
  booktitle={International conference on machine learning},
  pages={1885--1894},
  year={2017},
  organization={PMLR}
}

@article{pruthi2020estimating,
  title={Estimating training data influence by tracing gradient descent},
  author={Pruthi, Garima and Liu, Frederick and Kale, Satyen and Sundararajan, Mukund},
  journal={Advances in Neural Information Processing Systems},
  volume={33},
  pages={19920--19930},
  year={2020}
}

@article{papernot2018deep,
  title={Deep k-nearest neighbors: Towards confident, interpretable and robust deep learning},
  author={Papernot, Nicolas and McDaniel, Patrick},
  journal={arXiv preprint arXiv:1803.04765},
  year={2018}
}

@article{crabbe2021explaining,
  title={Explaining Latent Representations with a Corpus of Examples},
  author={Crabb{\'e}, Jonathan and Qian, Zhaozhi and Imrie, Fergus and van der Schaar, Mihaela},
  journal={Advances in Neural Information Processing Systems},
  volume={34},
  pages={12154--12166},
  year={2021}
}

@article{blackboxPoon,
  title={Opening the black box of AI-Medicine},
  author={Poon, Aaron IF and Sung, Joseph JY},
  journal={Journal of Gastroenterology and Hepatology},
  volume={36},
  number={3},
  pages={581--584},
  year={2021},
  publisher={Wiley Online Library}
}


@InProceedings{blackboxPWK,
  title = 	 {Understanding Black-box Predictions via Influence Functions},
  author =       {Pang Wei Koh and Percy Liang},
  booktitle = 	 {Proceedings of the 34th International Conference on Machine Learning},
  pages = 	 {1885--1894},
  year = 	 {2017},
  editor = 	 {Precup, Doina and Teh, Yee Whye},
  volume = 	 {70},
  series = 	 {Proceedings of Machine Learning Research},
  month = 	 Aug,
  publisher =    {PMLR},
  pdf = 	 {http://proceedings.mlr.press/v70/koh17a/koh17a.pdf},
  url = 	 {https://proceedings.mlr.press/v70/koh17a.html},
}
