@Article {Omeragic:2023,
  author =       {Ermin Omeragić and Vuk Đuranović},
  title =        {{[Re] G-Mixup: Graph Data Augmentation for Graph Classification}},
  journal =      {ReScience C},
  year =         {2023},
  month =        {7},
  volume =       {9},
  number =       {2},
  pages =        {{#1}},
  doi =          {10.5281/zenodo.8173650},
  url =          {https://zenodo.org/record/8173650/files/article.pdf},
  code_url =     {https://github.com/eomeragic1/g-mixup-reproducibility},
  code_doi =     {},
  code_swh =     {swh:1:dir:b3da6c4106727ef884219a1d04275a3306672c34},
  data_url =     {},
  data_doi =     {},
  review_url =   {https://openreview.net/forum?id=XxUIomN-ndH},
  type =         {Replication},
  language =     {Python},
  domain =       {ML Reproducibility Challenge 2022},
  keywords =     {rescience c, machine learning, data augmentation, graph neural networks, pytorch geometric, mixup}
}

@Article {Erkol:2023,
  author =       {Mert Erkol and Furkan Kınlı and Barış Özcan and Furkan Kıraç},
  title =        {{[Re] Exact Feature Distribution Matching for Arbitrary Style Transfer and Domain Generalization}},
  journal =      {ReScience C},
  year =         {2023},
  month =        {7},
  volume =       {9},
  number =       {2},
  pages =        {{#2}},
  doi =          {10.5281/zenodo.8173652},
 url =          {https://zenodo.org/record/8173652/files/article.pdf},
  code_url =     {https://github.com/birdortyedi/efdm-pytorch},
  code_doi =     {10.5281/zenodo.7895753},
  code_swh =     {swh:1:dir:b76a5bf3f3f540d17ef0f4a22ecc0b4e2c27d680},
  data_url =     {},
  data_doi =     {},
  review_url =   {https://openreview.net/forum?id=a5_hbZf0NB&noteId=Rsj9NvSj2Ft},
  type =         {Replication},
  language =     {Python},
  domain =       {ML Reproducibility Challenge 2022},
  keywords =     {Arbitrary style transfer, Domain generalization, Feature distribution matching, EFDM, machine learning, Python, rescience c}
}

@Article {McLeish:2023,
  author =       {Sean McLeish and Long Tran-Thanh},
  title =        {{[Re] End-to-end Algorithm Synthesis with Recurrent Networks: Logical Extrapolation Without Overthinking}},
  journal =      {ReScience C},
  year =         {2023},
  month =        {7},
  volume =       {9},
  number =       {2},
  pages =        {{#3}},
  doi =          {10.5281/zenodo.8173654},
  url =          {https://zenodo.org/record/8173654/files/article.pdf},
  code_url =     {https://github.com/mcleish7/MLRC-deep-thinking},
  code_doi =     {},
  code_swh =     {swh:1:dir:be1a763d08c1af34a2721fad6b9bfe8c99527220},
  data_url =     {},
  data_doi =     {},
  review_url =   {https://openreview.net/forum?id=WaZB4pUVTi},
  type =         {Replication},
  language =     {Python},
  domain =       {ML Reproducibility Challenge 2022},
  keywords =     {rescience c, Algorithmic Reasoning, Deep Thinking, Algorithm Synthesis, Python, machine learning, Deep Learning}
}

@Article {Langezaal:2023,
  author =       {Eric Robin Langezaal and Jesse Belleman and Tim Veenboer and Joeri Noorthoek},
  title =        {{[Re] Label-Free Explainability for Unsupervised Models}},
  journal =      {ReScience C},
  year =         {2023},
  month =        {7},
  volume =       {9},
  number =       {2},
  pages =        {{#4}},
  doi =          {10.5281/zenodo.8173656},
  url =          {https://zenodo.org/record/8173656/files/article.pdf},
  code_url =     {https://github.com/EricLangezaal/Re-Label-Free-XAI},
  code_doi =     {https://doi.org/10.5281/zenodo.7885638},
  code_swh =     {swh:1:dir:9a38c921b461cf9af72bc8f878d52da442fd39c1},
  data_url =     {},
  data_doi =     {},
  review_url =   {https://openreview.net/forum?id=bBVZ3pY4z8p},
  type =         {Replication},
  language =     {Python},
  domain =       {ML Reproducibility Challenge 2022},
  keywords =     {rescience c, machine learning, Reproducibility, label-free, unsupervised learning, explainable Artificial Intelligence, feature importance, example importance, disentangled VAE}
}

@Article {Brivio:2023,
  author =       {Matteo Brivio and Çağrı Çöltekin},
  title =        {{[Re] Exploring the Representation of Word Meanings in Context}},
  journal =      {ReScience C},
  year =         {2023},
  month =        {7},
  volume =       {9},
  number =       {2},
  pages =        {{#5}},
  doi =          {10.5281/zenodo.8173658},
  url =          {https://zenodo.org/record/8173658/files/article.pdf},
  code_url =     {https://github.com/matteobrv/repro-homonymy-acl21},
  code_doi =     {10.5281/zenodo.7886291},
  code_swh =     {swh:1:dir:c0cbb81bf15ace80d98da9d95fed3440046539f9},
  data_url =     {},
  data_doi =     {},
  review_url =   {https://openreview.net/forum?id=Od5dD58libt},
  type =         {Replication},
  language =     {Python},
  domain =       {ML Reproducibility Challenge 2022},
  keywords =     {rescience c, machine learning, deep learning, NLP, fasttext, BERT}
}

@Article {Marini:2023,
  author =       {Luca Marini and Mohamad Nabeel and Alexandre Loiko},
  title =        {{[Re] Intriguing Properties of Contrastive Losses}},
  journal =      {ReScience C},
  year =         {2023},
  month =        {7},
  volume =       {9},
  number =       {2},
  pages =        {{#6}},
  doi =          {10.5281/zenodo.8173662},
  url =          {https://zenodo.org/record/8173662/files/article.pdf},
  code_url =     {https://github.com/mona251/Intriguing-Properties-of-Contrastive-Losses},
  code_doi =     {},
  code_swh =     {swh:1:dir:35a398e4df2fda2f4241886f39c193b5a53a3e4c},
  data_url =     {},
  data_doi =     {},
  review_url =   {https://openreview.net/forum?id=gb71irTNN7},
  type =         {Replication},
  language =     {Python},
  domain =       {ML Reproducibility Challenge 2022},
  keywords =     {rescience c, machine learning, self-supervised learning, SimCLR, contrastive learning, Python}
}

@Article {Zontar:2023,
  author =       {Luka Žontar},
  title =        {{[Re] Bandit Theory and Thompson Sampling-guided Directed Evolution for Sequence Optimization}},
  journal =      {ReScience C},
  year =         {2023},
  month =        {7},
  volume =       {9},
  number =       {2},
  pages =        {{#7}},
  doi =          {10.5281/zenodo.8173664},
  url =          {https://zenodo.org/record/8173664/files/article.pdf},
  code_url =     {https://github.com/lukazontar/RC2022-Bandit-Theory-and-Thompson-Sampling-Guided-Directed-Evolution-for-Sequence-Optimization},
  code_doi =     {},
  code_swh =     {swh:1:dir:7cffa7d64bb51bac56c43f657e2e3746a2539915},
  data_url =     {},
  data_doi =     {},
  review_url =   {https://openreview.net/forum?id=NE_x1dpz-Q},
  type =         {Replication},
  language =     {Python},
  domain =       {ML Reproducibility Challenge 2022},
  keywords =     {rescience c, machine learning, optimization, bandit learning, Thompson sampling, Bayesian regret, evolution, python}
}

@Article {Yuan:2023,
  author =       {Jicheng Yuan and Danh Le-Phuoc},
  title =        {{[Re] Hypergraph-Induced Semantic Tuplet Loss for Deep Metric Learning}},
  journal =      {ReScience C},
  year =         {2023},
  month =        {7},
  volume =       {9},
  number =       {2},
  pages =        {{#8}},
  doi =          {10.5281/zenodo.8173666},
  url =          {https://zenodo.org/record/8173666/files/article.pdf},
  code_url =     {https://github.com/jichengyuan/MLRC2022_HIST},
  code_doi =     {},
  code_swh =     {swh:1:rev:aa9738a884343fb4798f8b06c7a8b9288eca6b14},
  data_url =     {},
  data_doi =     {},
  review_url =   {https://openreview.net/forum?id=JJQbk2hIQ5},
  type =         {Replication},
  language =     {python, bash},
  domain =       {ML Reproducibility Challenge 2022},
  keywords =     {rescience c, machine learning, deep learning, deep metric learning, hypergraph, semantic tuplet, python, pytorch}
}

@Article {Spendl:2023,
  author =       {Martin Špendl and Klementina Pirc},
  title =        {{[Re] Easy Bayesian Transfer Learning with Informative Priors}},
  journal =      {ReScience C},
  year =         {2023},
  month =        {7},
  volume =       {9},
  number =       {2},
  pages =        {{#9}},
  doi =          {10.5281/zenodo.8173668},
  url =          {https://zenodo.org/record/8173668/files/article.pdf},
  code_url =     {https://github.com/MartinSpendl/ML-reproducibility-challenge-23},
  code_doi =     {10.5281/zenodo.7949229},
  code_swh =     {swh:1:dir:a67381741fc59350e147883d925d6246f60bb3ef},
  data_url =     {},
  data_doi =     {},
  review_url =   {https://openreview.net/forum?id=JpaQ8GFOVu},
  type =         {Replication},
  language =     {Python},
  domain =       {ML Reproducibility Challenge 2022},
  keywords =     {rescience c, bayesian, deep learning, python, pytorch, machine learning}
}

@Article {Dubbeldam:2023,
  author =       {Elias Dubbeldam and Aniek Eijpe and Jona Ruthardt and Robin Sasse},
  title =        {{[Re] On the Reproducibility of CartoonX}},
  journal =      {ReScience C},
  year =         {2023},
  month =        {7},
  volume =       {9},
  number =       {2},
  pages =        {{#10}},
  doi =          {10.5281/zenodo.8173672},
  url =          {https://zenodo.org/record/8173672/files/article.pdf},
  code_url =     {https://github.com/JonaRuthardt/MLRC-CartoonX},
  code_doi =     {},
  code_swh =     {swh:1:dir:691b7400b38017cfe651a59735dc715755388c4d;origin=https://github.com/JonaRuthardt/MLRC-CartoonX;visit=swh:1:snp:ffead088e1c166ac58b0f37c5c8e87344f638b3d;anchor=swh:1:rev:38364e7eef0fbc99f2b143fad90a29dae113f95c},
  data_url =     {},
  data_doi =     {},
  review_url =   {https://openreview.net/forum?id=MK4IQJdLLeo},
  type =         {Replication},
  language =     {Python},
  domain =       {ML Reproducibility Challenge 2022},
  keywords =     {machine learning, artificial intelligence, deep learning, reproducibility, explainable AI, explanation methods, image classifiers, CartoonX, piece-wise smooth, Vision Transformer, runtime efficiency, Python, rescience c}
}

@Article {Pariza:2023,
  author =       {Valentinos Pariza and Avik Pal and Madhura Pawar and Quim Serra Faber},
  title =        {{[Re] Reproducibility Study of “Label-Free Explainability for Unsupervised Models”}},
  journal =      {ReScience C},
  year =         {2023},
  month =        {7},
  volume =       {9},
  number =       {2},
  pages =        {{#11}},
  doi =          {10.5281/zenodo.8173674},
  url =          {https://zenodo.org/record/8173674/files/article.pdf},
  code_url =     {https://github.com/valentinosPariza/Re-Label-Free-XAI},
  code_doi =     {},
  code_swh =     {swh:1:dir:8aa22d2a6b71c52b0863a06ab40f40ada1ec5355},
  data_url =     {},
  data_doi =     {},
  review_url =   {https://openreview.net/forum?id=qP34dvJpHd},
  type =         {Replication},
  language =     {Python},
  domain =       {ML Reproducibility Challenge 2022},
  keywords =     {rescience c, machine learning, reproducibility, feature importance, example importance, disentangled VAEs, label-free, unsupervised, post-hoc explainability, python}
}

@Article {Morita:2023,
  author =       {Kyosuke Morita},
  title =        {{[Re] FOCUS: Flexible Optimizable Counterfactual Explanations for Tree Ensembles}},
  journal =      {ReScience C},
  year =         {2023},
  month =        {7},
  volume =       {9},
  number =       {2},
  pages =        {{#12}},
  doi =          {10.5281/zenodo.8173678},
  url =          {https://zenodo.org/record/8173678/files/article.pdf},
  code_url =     {https://github.com/kyosek/focus-reproducibility},
  code_doi =     {10.5281/zenodo.7931344},
  code_swh =     {swh:1:dir:e096a518285f9ee2f9ee2c5943293ba30f7e17b0},
  data_url =     {https://github.com/a-lucic/focus},
  data_doi =     {},
  review_url =   {https://openreview.net/forum?id=n1q-iz83S5&noteId=60kzDmcWau},
  type =         {Replication},
  language =     {Python},
  domain =       {ML Reproducibility Challenge 2022},
  keywords =     {rescience c, python, machine learning, tensorflow, counterfactual explanations}
}

@Article {Buchner:2023,
  author =       {Valentin Leonhard Buchner and Philip Onno Olivier Schutte and Yassin Ben Allal and Hamed Ahadi},
  title =        {{[Re] Fairness Guarantees under Demographic Shift}},
  journal =      {ReScience C},
  year =         {2023},
  month =        {7},
  volume =       {9},
  number =       {2},
  pages =        {{#13}},
  doi =          {10.5281/zenodo.8173680},
  url =          {https://zenodo.org/record/8173680/files/article.pdf},
  code_url =     {https://github.com/YasBenAll/fact-ai-project},
  code_doi =     {10.5281/zenodo.7916507},
  code_swh =     {swh:1:dir:436c48ce9cf36b10ee3cdcd537a06c9df2cd53cc},
  data_url =     {},
  data_doi =     {},
  review_url =   {https://openreview.net/forum?id=xEfg6h1GFmW&noteId=C0AfhPXAYB},
  type =         {Replication},
  language =     {Python},
  domain =       {ML Reproducibility Challenge 2022},
  keywords =     {Fairness and Bias in ML, Fair Machine Learning, Reproduction, rescience c, machine learning}
}

@Article {Camara:2023,
  author =       {Patrick Camara and Mojca Kloos and Vasiliki Kyrmanidi and Agnieszka Kluska and Rorick Terlou and Lea Krause},
  title =        {{[Re] DialSummEval - Evaluation of automatic summarization evaluation metrics}},
  journal =      {ReScience C},
  year =         {2023},
  month =        {7},
  volume =       {9},
  number =       {2},
  pages =        {{#14}},
  doi =          {10.5281/zenodo.8173682},
  url =          {https://zenodo.org/record/8173682/files/article.pdf},
  code_url =     {https://github.com/tricodex/Reproducing_DialSummEval},
  code_doi =     {},
  code_swh =     {swh:1:dir:845557b246b9705efe933ab6deade75b4496a071},
  data_url =     {},
  data_doi =     {},
  review_url =   {https://openreview.net/forum?id=3jaZ5tKRyiT&noteId=AHjI9Jw6frY},
  type =         {Replication},
  language =     {Python},
  domain =       {ML Reproducibility Challenge 2022},
  keywords =     {rescience c, rescience x, machine learning, summarisation, evaluation, metrics, human annotation}
}

@Article {Don:2023,
  author =       {Marga Don and Satchit Chatterji and Milena Kapralova and Ryan Amaudruz},
  title =        {{[Re] On the Reproducibility of "FairCal: Fairness Calibration for Face Verification"}},
  journal =      {ReScience C},
  year =         {2023},
  month =        {7},
  volume =       {9},
  number =       {2},
  pages =        {{#15}},
  doi =          {10.5281/zenodo.8173686},
  url =          {https://zenodo.org/record/8173686/files/article.pdf},
  code_url =     {https://github.com/margajdon/reproduction-FAIRCAL},
  code_doi =     {10.5281/zenodo.7941382},
  code_swh =     {swh:1:dir:875537f11cad3f77fcd8fc7b313d27605118a634},
  data_url =     {},
  data_doi =     {},
  review_url =   {https://openreview.net/forum?id=uVHUy7CWCL},
  type =         {Replication},
  language =     {Python},
  domain =       {ML Reproducibility Challenge 2022},
  keywords =     {rescience c, rescience x, machine learning, python, reproducibility, fairness, face verification, calibration, clustering, bias reduction}
}

@Article {Garcarz:2023,
  author =       {Sławomir Garcarz and Andreas Giorkatzi and Ana Ivășchescu and Theodora-Mara Pîslar},
  title =        {{[Re] Reproducibility Study: Label-Free Explainability for Unsupervised Models}},
  journal =      {ReScience C},
  year =         {2023},
  month =        {7},
  volume =       {9},
  number =       {2},
  pages =        {{#16}},
  doi =          {10.5281/zenodo.8173688},
  url =          {https://zenodo.org/record/8173688/files/article.pdf},
  code_url =     {https://github.com/ayiork/Label-Free-XAI},
  code_doi =     {},
  code_swh =     {swh:1:dir:e76ce9ca64bef8b8ab34ef48336017ade33d40b9},
  data_url =     {},
  data_doi =     {},
  review_url =   {https://openreview.net/forum?id=sF_vYZSxSV},
  type =         {Replication},
  language =     {Python},
  domain =       {ML Reproducibility Challenge 2022},
  keywords =     {rescience c, rescience x, machine learning, label-free explainability, explainability}
}

@Article {Martorella:2023,
  author =       {Tommaso Martorella and Héctor Manuel Ramirez Contreras and Daniel Cerezo García},
  title =        {{[Re] Numerical influence of ReLU'(0) on backpropagation}},
  journal =      {ReScience C},
  year =         {2023},
  month =        {7},
  volume =       {9},
  number =       {2},
  pages =        {{#17}},
  doi =          {10.5281/zenodo.8173692},
  url =          {https://zenodo.org/record/8173692/files/article.pdf},
  code_url =     {https://github.com/CS-433/ml-project-2-ristrettolearning-2},
  code_doi =     {},
  code_swh =     {swh:1:dir:edcb01d0276ba2c09a8bd1fa035d6573d4d06fab},
  data_url =     {},
  data_doi =     {},
  review_url =   {https://openreview.net/forum?id=YAWQTQZVoA},
  type =         {Replication},
  language =     {Python},
  domain =       {ML Reproducibility Challenge 2022},
  keywords =     {rescience c, machine learning, deep learning, python, pytorch}
}

@Article {Agafonov:2023,
  author =       {Dennis Agafonov and Jelke Matthijsse and Noa Nonkes and Zjos van de Sande},
  title =        {{[¬Re] A Reproducibility Case Study of “Fairness Guarantees under Demographic Shift”}},
  journal =      {ReScience C},
  year =         {2023},
  month =        {7},
  volume =       {9},
  number =       {2},
  pages =        {{#18}},
  doi =          {},
  url =          {},
  code_url =     {https://github.com/noanonkes/fact-guarantee},
  code_doi =     {},
  code_swh =     {swh:1:dir:c769bc1fc87a24b6811f318d7ad56ea9a70954e7},
  data_url =     {},
  data_doi =     {},
  review_url =   {https://openreview.net/forum?id=MMuv-v99Hy},
  type =         {Replication},
  language =     {Python},
  domain =       {ML Reproducibility Challenge 2022},
  keywords =     {rescience c, rescience x, machine learning, deep learning, python, pytorch}
}

@Article {Mohorcic:2023,
  author =       {Domen Mohorčič and David Ocepek},
  title =        {{[Re] Hierarchical Shrinkage: Improving the Accuracy and Interpretability of Tree-Based Methods}},
  journal =      {ReScience C},
  year =         {2023},
  month =        {7},
  volume =       {9},
  number =       {2},
  pages =        {{#19}},
  doi =          {10.5281/zenodo.8173696},
  url =          {https://zenodo.org/record/8173696/files/article.pdf},
  code_url =     {https://github.com/do8572/MLDS},
  code_doi =     {10.5281/zenodo.7951629},
  code_swh =     {swh:1:dir:81c99d3cd87ec4ed1186297730f07530b5157ac1},
  data_url =     {},
  data_doi =     {},
  review_url =   {https://openreview.net/forum?id=NgPQSqpz-Y},
  type =         {Replication},
  language =     {Python},
  domain =       {ML Reproducibility Challenge 2022},
  keywords =     {rescience c, machine learning, decision tree, random forest, post-hoc regularization, Python}
}

@Article {Hu:2023,
  author =       {Alessia Hu and Oline Ranum and Chrysoula Pozrikidou and Miranda Zhou},
  title =        {{[Re] Reproducibility study of Joint Multisided Exposure Fairness for Recommendation}},
  journal =      {ReScience C},
  year =         {2023},
  month =        {7},
  volume =       {9},
  number =       {2},
  pages =        {{#20}},
  doi =          {10.5281/zenodo.8173698},
  url =          {https://zenodo.org/record/8173698/files/article.pdf},
  code_url =     {https://github.com/OlineRanum/FACT.git},
  code_doi =     {},
  code_swh =     {swh:1:dir:ddaee99fffaa5becad67496efe000ca6c47341c7},
  data_url =     {},
  data_doi =     {},
  review_url =   {https://openreview.net/forum?id=A0Sjs3IJWb-},
  type =         {Replication},
  language =     {Python},
  domain =       {ML Reproducibility Challenge 2022},
  keywords =     {Python, Reproducibility, Information Retrieval, Fairness, rescience c, machine learning}
}

@Article {Turk:2023,
  author =       {Marten Türk and Luyang Busser and Daniël van Dijk and Max J.A. Bosch},
  title =        {{[Re] Exploring the Explainability of Bias in Image Captioning Models}},
  journal =      {ReScience C},
  year =         {2023},
  month =        {7},
  volume =       {9},
  number =       {2},
  pages =        {{#21}},
  doi =          {10.5281/zenodo.8173703},
  url =          {https://zenodo.org/record/8173703/files/article.pdf},
  code_url =     {https://github.com/martentyrk/mlrc2022hirota},
  code_doi =     {},
  code_swh =     {swh:1:dir:2b9535456facf442ee411ab4cae5d3c4ce1cc29e},
  data_url =     {},
  data_doi =     {},
  review_url =   {https://openreview.net/forum?id=N9Wn91tE7D0},
  type =         {Replication},
  language =     {Python},
  domain =       {ML Reproducibility Challenge 2022},
  keywords =     {rescience c, machine learning, deep learning, python, pytorch, reproducibility, fairness, gender, race, LIC, LIC score, integrated gradients, MSCOCO, Captum, bias amplification, encoders, captioning models, LSTM, BERT}
}

@Article {Bikker:2023,
  author =       {David Bikker and Gerson de Kleuver and Wenhua Hu and Bram Veenman},
  title =        {{[¬Re] Reproducibility study of ‘Proto2Proto: Can you recognize the car, the way I do?’}},
  journal =      {ReScience C},
  year =         {2023},
  month =        {7},
  volume =       {9},
  number =       {2},
  pages =        {{#22}},
  doi =          {10.5281/zenodo.8173705},
  url =          {https://zenodo.org/record/8173705/files/article.pdf},
  code_url =     {https://github.com/gersondekleuver/Fact},
  code_doi =     {10.5281/zenodo.8079872},
  code_swh =     {swh:1:dir:07b0f527f206c44a96373df590b251c5c3bf669d;},
  data_url =     {},
  data_doi =     {},
  review_url =   {https://openreview.net/forum?id=a_9YF58u61},
  type =         {Replication},
  language =     {python},
  domain =       {ML Reproducibility Challenge 2022},
  keywords =     {reproducibility, python, prototype, rescience c, machine learning, computer vision}
}

@Article {Simoncini:2023,
  author =       {Walter Simoncini and Ioanna Gogou and Marta Freixo Lopes and Ron Kremer},
  title =        {{[Re] Reproducibility Study of ”Focus On The Common Good: Group Distributional Robustness Follows”}},
  journal =      {ReScience C},
  year =         {2023},
  month =        {7},
  volume =       {9},
  number =       {2},
  pages =        {{#23}},
  doi =          {10.5281/zenodo.8173707},
  url =          {https://zenodo.org/record/8173707/files/article.pdf},
  code_url =     {https://github.com/WalterSimoncini/CGD-Reproduction},
  code_doi =     {10.5281/zenodo.7998663},
  code_swh =     {swh:1:dir:4a89288fc050158c419caee05af572cad7b71a12},
  data_url =     {},
  data_doi =     {},
  review_url =   {https://openreview.net/forum?id=ye8PftiQLQ},
  type =         {Replication},
  language =     {Python},
  domain =       {ML Reproducibility Challenge 2022},
  keywords =     {rescience c, machine learning, deep learning, python, pytorch, robustness}
}

@Article {Papp:2023,
  author =       {Gergely Papp and Julius Wagenbach and Laurens Jans de Vries and Niklas Mather},
  title =        {{[Re] Reproducibility study of ”Label-Free Explainability for Unsupervised Models”}},
  journal =      {ReScience C},
  year =         {2023},
  month =        {7},
  volume =       {9},
  number =       {2},
  pages =        {{#24}},
  doi =          {10.5281/zenodo.8173711},
  url =          {https://zenodo.org/record/8173711/files/article.pdf},
  code_url =     {https://github.com/jwagenbach/FACT/},
  code_doi =     {10.5281/zenodo.7895731},
  code_swh =     {swh:1:dir:0df843f2fc8c0868968429afb8908db7d3a76a3c},
  data_url =     {},
  data_doi =     {},
  review_url =   {https://openreview.net/forum?id=n2qXFXiMsAM},
  type =         {Replication},
  language =     {python},
  domain =       {ML Reproducibility Challenge 2022},
  keywords =     {rescience c, machine learning, reproduction, explainability, unlabeled, representations, python, torch}
}

@Article {Buis:2023,
  author =       {Erik Buis and Sebastiaan Dijkstra and Bram Heijermans},
  title =        {{[Re] Reproducibility study of ``Explaining Deep Convolutional Neural Networks via Latent Visual-Semantic Filter Attention''}},
  journal =      {ReScience C},
  year =         {2023},
  month =        {7},
  volume =       {9},
  number =       {2},
  pages =        {{#25}},
  doi =          {10.5281/zenodo.8173713},
  url =          {https://zenodo.org/record/8173713/files/article.pdf},
  code_url =     {https://github.com/ErikBuis/FACT2023},
  code_doi =     {https://zenodo.org/badge/latestdoi/585223762},
  code_swh =     {swh:1:dir:3b9cb41cd6d8680801f3b80b29410b641408348e},
  data_url =     {},
  data_doi =     {},
  review_url =   {https://openreview.net/forum?id=nsrHznwHhl},
  type =         {Replication},
  language =     {Python},
  domain =       {ML Reproducibility Challenge 2022},
  keywords =     {Reproduce, Interpretability, Convolutional Neural Networks, Post-hoc global method, Latent Visual Semantic Filter Attention, Python, PyTorch, Common Objects in Context, machine learning, rescience c}
}

@Article {Baratov:2023,
  author =       {Farrukh Baratov and Göksenin Yüksel and Darie Petcu and Jan Bakker},
  title =        {{[Re] Reproducibility Study of "Quantifying Societal Bias Amplification in Image Captioning"}},
  journal =      {ReScience C},
  year =         {2023},
  month =        {7},
  volume =       {9},
  number =       {2},
  pages =        {{#26}},
  doi =          {10.5281/zenodo.8173715},
  url =          {https://zenodo.org/record/8173715/files/article.pdf},
  code_url =     {https://github.com/fbaratov/mlrc-lic-plus-age},
  code_doi =     {},
  code_swh =     {swh:1:dir:42a11dd6a0c47c1ad4d57649d08238230c570fb3;origin=https://github.com/fbaratov/mlrc-lic-plus-age;visit=swh:1:snp:222b530d4c368546db5fe7ae6ef7d18e4f949429;anchor=swh:1:rev:32f722b1d60dfd9412a3c98b7e874f679536ac77},
  data_url =     {https://drive.google.com/drive/folders/1PI03BqcnhdXZi2QY9PUHzWn4cxgdonT-},
  data_doi =     {10.48550/arXiv.2106.08503},
  review_url =   {https://openreview.net/forum?id=eJmQJT0Dtt},
  type =         {Replication},
  language =     {Python},
  domain =       {ML Reproducibility Challenge 2022},
  keywords =     {rescience c, rescience x, python, machine learning, deep learning, reproducibility, bias, gender bias, racial bias, age bias, bias estimation, bias amplification, leakage in image captioning}
}

@Article {Zila:2023,
  author =       {Eric Zila and Jonathan Gerbscheid and Luc Sträter and Kieron Kretschmar},
  title =        {{[Re] On the reproducibility of "CrossWalk: Fairness-Enhanced Node Representation Learning"}},
  journal =      {ReScience C},
  year =         {2023},
  month =        {7},
  volume =       {9},
  number =       {2},
  pages =        {{#27}},
  doi =          {10.5281/zenodo.8173717},
  url =          {https://zenodo.org/record/8173717/files/article.pdf},
  code_url =     {https://github.com/jonathan-gerb/crosswalk-reproduction},
  code_doi =     {},
  code_swh =     {swh:1:dir:0010ab17932c3abd9cb892f1b92da408df43689c},
  data_url =     {},
  data_doi =     {},
  review_url =   {https://openreview.net/forum?id=WnaVgRhlyT},
  type =         {Replication},
  language =     {Python},
  domain =       {ML Reproducibility Challenge 2022},
  keywords =     {rescience c, machine learning, deepwalk, crosswalk, graph, node-embeddings, fairwalk, fairness, pytorch}
}

@Article {Greven:2023,
  author =       {Jip Greven and Simon Stallinga and Zirk Seljee},
  title =        {{[Re] Reproducing FairCal: Fairness Calibration for Face Verification}},
  journal =      {ReScience C},
  year =         {2023},
  month =        {7},
  volume =       {9},
  number =       {2},
  pages =        {{#28}},
  doi =          {10.5281/zenodo.8173719},
  url =          {https://zenodo.org/record/8173719/files/article.pdf},
  code_url =     {https://github.com/zseljee/re-faircal},
  code_doi =     {},
  code_swh =     {swh:1:dir:95f2895ab0761e8a2341dc83e26cdcbbc5a0ecde},
  data_url =     {},
  data_doi =     {},
  review_url =   {https://openreview.net/forum?id=jDBYRwDpeW},
  type =         {Replication},
  language =     {Python},
  domain =       {ML Reproducibility Challenge 2022},
  keywords =     {rescience c, rescience x, machine learning, reproduction, deep learning, python, pytorch}
}

@Article {Taslimi:2023,
  author =       {Sina Taslimi and Luke Chin A Foeng and Pratik Kayal and Aditya Prakash Patra and Aditya Prakash Patra},
  title =        {{[Re] Reproducibility Study of 'CartoonX: Cartoon Explanations of Image Classifiers'}},
  journal =      {ReScience C},
  year =         {2023},
  month =        {7},
  volume =       {9},
  number =       {2},
  pages =        {{#29}},
  doi =          {10.5281/zenodo.8173721},
  url =          {https://zenodo.org/record/8173721/files/article.pdf},
  code_url =     {https://github.com/KAISER1997/FACTAI_CARTOONX_Reproduce},
  code_doi =     {10.5281/zenodo.7947877},
  code_swh =     {swh:1:dir:699d0b641cd3fd9fad8247d19f2f88648e6d72cd},
  data_url =     {},
  data_doi =     {},
  review_url =   {https://openreview.net/forum?id=DWKJpl8s06},
  type =         {Replication},
  language =     {Python},
  domain =       {ML Reproducibility Challenge 2022},
  keywords =     {rescience c, machine learning, Explainable AI, Image Classification, Wavelets}
}

@Article {Merk:2023,
  author =       {Didier Merk and Denny Smit and Boaz Beukers and Tsatsral Mendsuren},
  title =        {{[Re] Reproducibility Study of ”Latent Space Smoothing for Individually Fair Representations”}},
  journal =      {ReScience C},
  year =         {2023},
  month =        {7},
  volume =       {9},
  number =       {2},
  pages =        {{#30}},
  doi =          {10.5281/zenodo.8173725},
  url =          {https://zenodo.org/record/8173725/files/article.pdf},
  code_url =     {https://github.com/Mametchiii/lassi-reproducibility},
  code_doi =     {10.5281/zenodo.7950717},
  code_swh =     {swh:1:dir:ebe7321bfcc8268ca48b1b269c64b6fe1df79653},
  data_url =     {},
  data_doi =     {},
  review_url =   {https://openreview.net/forum?id=J-Lgb7Vc0wX},
  type =         {Replication},
  language =     {Python},
  domain =       {ML Reproducibility Challenge 2022},
  keywords =     {machine learning, rescience c, rescience x, Latent space smoothing, LASSI, reproducibility, fairness, AI, deep learning, python, machine learning}
}

@Article {Aillet:2023,
  author =       {Albert Aillet and Simon Sondén},
  title =        {{[Re] Variational Neural Cellular Automata}},
  journal =      {ReScience C},
  year =         {2023},
  month =        {7},
  volume =       {9},
  number =       {2},
  pages =        {{#31}},
  doi =          {10.5281/zenodo.8173729},
  url =          {https://zenodo.org/record/8173729/files/article.pdf},
  code_url =     {https://github.com/albertaillet/vnca},
  code_doi =     {10.5281/zenodo.7927205},
  code_swh =     {swh:1:dir:3de126d09281c3dab4749dc8ac9330e53a22c558},
  data_url =     {},
  data_doi =     {},
  review_url =   {https://openreview.net/forum?id=d7-ns6SZqp},
  type =         {Replication},
  language =     {Python},
  domain =       {ML Reproducibility Challenge 2022},
  keywords =     {rescience c, machine learning, deep learning, python, jax,}
}

@Article {Benmerzoug:2023,
  author =       {Anes Benmerzoug and Miguel de Benito Delgado},
  title =        {{[Re] If you like Shapley, then you'll love the core}},
  journal =      {ReScience C},
  year =         {2023},
  month =        {7},
  volume =       {9},
  number =       {2},
  pages =        {{#32}},
  doi =          {10.5281/zenodo.8173733},
  url =          {https://zenodo.org/record/8173733/files/article.pdf},
  code_url =     {https://github.com/aai-institute/mlrc22-like-shapley-love-the-core},
  code_doi =     {},
  code_swh =     {swh:1:dir:294da04ace110a1e2944203314f968a0bbf3c0a1},
  data_url =     {},
  data_doi =     {},
  review_url =   {https://openreview.net/forum?id=vWzZQAahuW},
  type =         {Replication},
  language =     {python},
  domain =       {ML Reproducibility Challenge 2022},
  keywords =     {rescience c, rescience x, python, data valuation, data-centric ml, machine learning}
}

@Article {Livernoche:2023,
  author =       {Victor Livernoche and Vidya Sujaya},
  title =        {{[Re] A Reproduction of Automatic Multi-Label Prompting: Simple and Interpretable Few-Shot Classification}},
  journal =      {ReScience C},
  year =         {2023},
  month =        {7},
  volume =       {9},
  number =       {2},
  pages =        {{#33}},
  doi =          {10.5281/zenodo.8173735},
  url =          {https://zenodo.org/record/8173735/files/article.pdf},
  code_url =     {https://github.com/vicliv/AMuLaP-Reproduction},
  code_doi =     {},
  code_swh =     {swh:1:dir:44eec5466ce396c0e4af4cba3e28b994c4a82600},
  data_url =     {},
  data_doi =     {},
  review_url =   {https://openreview.net/forum?id=t8ZZ2Y356Ix},
  type =         {Replication},
  language =     {Python},
  domain =       {ML Reproducibility Challenge 2022},
  keywords =     {rescience c, rescience x, python, machine learning, transformers, prompt engineering, natural language processing, multi-label prompting, few-shot classification}
}

@Article {Cordaro:2023,
  author =       {Dylan Cordaro and Shelby Cox and Yiman Ren and Teresa Yu},
  title =        {{[¬Re] G-Mixup: Graph Data Augmentation for Graph Classification}},
  journal =      {ReScience C},
  year =         {2023},
  month =        {7},
  volume =       {9},
  number =       {2},
  pages =        {{#34}},
  doi =          {10.5281/zenodo.8173737},
  url =          {https://zenodo.org/record/8173737/files/article.pdf},
  code_url =     {https://github.com/shelbycox/EECS-553-GMixup-Reproduction},
  code_doi =     {},
  code_swh =     {swh:1:dir:9c61eef8a6a063061f952ef48145dd9389d45281},
  data_url =     {},
  data_doi =     {},
  review_url =   {https://openreview.net/forum?id=T54wy0ahGLG&noteId=pvukxfvJGX},
  type =         {Replication},
  language =     {Python},
  domain =       {ML Reproducibility Challenge 2022},
  keywords =     {Python, machine learning, graphical neural networks, mixup, graphon, rescience c}
}

@Article {Bose:2023,
  author =       {Priyanka Bose and Chandra Shekhar Pandey and Fraida Fund},
  title =        {{[Re] Exploring the Role of Grammar and Word Choice in Bias Toward African American English (AAE) in Hate Speech Classification}},
  journal =      {ReScience C},
  year =         {2023},
  month =        {7},
  volume =       {9},
  number =       {2},
  pages =        {{#35}},
  doi =          {10.5281/zenodo.8173739},
  url =          {https://zenodo.org/record/8173739/files/article.pdf},
  code_url =     {https://github.com/indianspeedster/mlr_2022.git},
  code_doi =     {},
  code_swh =     {swh:1:dir:e4878650f9ab13d7820684abaca84448cc13b9ff},
  data_url =     {},
  data_doi =     {},
  review_url =   {https://openreview.net/forum?id=MjZVx7a0KX-},
  type =         {Replication},
  language =     {Python},
  domain =       {ML Reproducibility Challenge 2022},
  keywords =     {rescience c, rescience x, machine learning, python, bias, TensorFlow}
}

@Article {Antequera:2023,
  author =       {Paula Antequera and Egoitz Gonzalez and Marta Grasa and Martijn van Raaphorst},
  title =        {{[Re] RELIC: Reproducibility and Extension on LIC metric in quantifying bias in captioning models}},
  journal =      {ReScience C},
  year =         {2023},
  month =        {7},
  volume =       {9},
  number =       {2},
  pages =        {{#36}},
  doi =          {10.5281/zenodo.8173741},
  url =          {https://zenodo.org/record/8173741/files/article.pdf},
  code_url =     {https://github.com/eggonz/relic-caption-bias},
  code_doi =     {https://doi.org/10.5281/zenodo.7930598},
  code_swh =     {swh:1:dir:01b16d04ee6ff9480c0fab3f65ea8957997e05c5},
  data_url =     {},
  data_doi =     {},
  review_url =   {https://openreview.net/forum?id=9_hCoP3LXwy},
  type =         {Replication},
  language =     {Python},
  domain =       {ML Reproducibility Challenge 2022},
  keywords =     {rescience c, rescience x, machine learning, python, bias, caption, metrics, fairness}
}

@Article {Kyrylov:2023,
  author =       {Volodymyr Kyrylov and Navdeep Singh Bedi and Qianbo Zang},
  title =        {{[Re] VAE Approximation Error: ELBO and Exponential Families}},
  journal =      {ReScience C},
  year =         {2023},
  month =        {7},
  volume =       {9},
  number =       {2},
  pages =        {{#37}},
  doi =          {10.5281/zenodo.8173745},
  url =          {https://zenodo.org/record/8173745/files/article.pdf},
  code_url =     {https://github.com/proger/vae},
  code_doi =     {https://doi.org/10.5281/zenodo.7951527},
  code_swh =     {swh:1:dir:6328abd80f26a66924bea7e6b656ebfee9161f31},
  data_url =     {},
  data_doi =     {},
  review_url =   {https://openreview.net/forum?id=ozbAwipuZu},
  type =         {Replication},
  language =     {Python},
  domain =       {ML Reproducibility Challenge 2022},
  keywords =     {Python, VAE, approximation errors, ELBO, exponential families, deep learning, pytorch, machine learning, rescience c}
}

@Article {Moens:2023,
  author =       {Gijs Joppe Moens and Job de Witte and Tobias Pieter Göbel and Meggie van den Oever},
  title =        {{[Re] CrossWalk Fairness-enhanced Node Representation Learning}},
  journal =      {ReScience C},
  year =         {2023},
  month =        {7},
  volume =       {9},
  number =       {2},
  pages =        {{#38}},
  doi =          {10.5281/zenodo.8173747},
  url =          {https://zenodo.org/record/8173747/files/article.pdf},
  code_url =     {https://github.com/Bentgm17/Fact2022_27.git},
  code_doi =     {},
  code_swh =     {swh:1:dir:1cb55b0f026b758df313fea777575fcab71222f5},
  data_url =     {},
  data_doi =     {},
  review_url =   {https://openreview.net/forum?id=KNp7Zq3KkT0&noteId=xqiAvezWIN},
  type =         {Replication},
  language =     {Python},
  domain =       {ML Reproducibility Challenge 2022},
  keywords =     {rescience c, rescience x, machine learning, deep learning, python, fairness, graphs, node representation, crosswalk, deepwalk, moenswalk, graph networks}
}

@Article {Pantea:2023,
  author =       {Luca Pantea and Andrei Blahovici},
  title =        {{[Re] CrossWalk: Fairness-enhanced Node Representation Learning}},
  journal =      {ReScience C},
  year =         {2023},
  month =        {7},
  volume =       {9},
  number =       {2},
  pages =        {{#39}},
  doi =          {10.5281/zenodo.8173749},
  url =          {https://zenodo.org/record/8173749/files/article.pdf},
  code_url =     {https://github.com/Dawlau/FACT-AI},
  code_doi =     {10.5281/zenodo.7932857},
  code_swh =     {swh:1:dir:6367a5e042f3b14cd6d86349199e08597fc0f3f6},
  data_url =     {},
  data_doi =     {},
  review_url =   {https://openreview.net/forum?id=tpk45Zll8eh},
  type =         {Replication},
  language =     {Python},
  domain =       {ML Reproducibility Challenge 2022},
  keywords =     {rescience c, rescience x, machine learning, Fairness in Machine Learning, Representational Learning, Graph Algorithms}
}

@Article {Charisoudis:2023,
  author =       {Athanasios Charisoudis and Simon Ekman von Huth and Emil Jansson},
  title =        {{[Re] Masked Autoencoders Are Small Scale Vision Learners: A Reproduction Under Resource Constraints}},
  journal =      {ReScience C},
  year =         {2023},
  month =        {7},
  volume =       {9},
  number =       {2},
  pages =        {{#40}},
  doi =          {10.5281/zenodo.8173751},
  url =          {https://zenodo.org/record/8173751/files/article.pdf},
  code_url =     {https://github.com/MLReproHub/SMAE},
  code_doi =     {},
  code_swh =     {swh:1:dir:4d37d466bafc5dc45bf5ba68caa53f207e6d0702},
  data_url =     {},
  data_doi =     {},
  review_url =   {https://openreview.net/forum?id=KXfjZPL5pqr},
  type =         {Replication},
  language =     {Python},
  domain =       {ML Reproducibility Challenge 2022},
  keywords =     {rescience c, python, pytorch, machine learning, deep learning, computer vision, self-supervised learning, masked autoencoder, semantic, perceptual, reproduction, replication, reproducibility, image classification, small scale}
}

@Article {Mahlau:2023,
  author =       {Yannik Mahlau and Leonie Kayser and Lukas Berg},
  title =        {{[Re] On Explainability of Graph Neural Networks via Subgraph Explorations}},
  journal =      {ReScience C},
  year =         {2023},
  month =        {7},
  volume =       {9},
  number =       {2},
  pages =        {{#41}},
  doi =          {10.5281/zenodo.8173753},
  url =          {https://zenodo.org/record/8173753/files/article.pdf},
  code_url =     {https://github.com/ymahlau/subgraphx},
  code_doi =     {https://zenodo.org/badge/latestdoi/637344138},
  code_swh =     {swh:1:dir:439719e0ad99cbd3d980619c24dec1744b408dd0},
  data_url =     {},
  data_doi =     {},
  review_url =   {https://openreview.net/forum?id=zKBJw4Ht8s},
  type =         {Replication},
  language =     {Python},
  domain =       {ML Reproducibility Challenge 2022},
  keywords =     {rescience c, rescience x, machine learning, explainable ai, graph neural networks, subgraphX, python}
}

@Article {Alexander:2023,
  author =       {Shabalin Alexander and Sadrtdinov Ildus and Shabalin Evgeniy},
  title =        {{[Re] "Towards Understanding Grokking"}},
  journal =      {ReScience C},
  year =         {2023},
  month =        {7},
  volume =       {9},
  number =       {2},
  pages =        {{#42}},
  doi =          {10.5281/zenodo.8173755},
  url =          {https://zenodo.org/record/8173755/files/article.pdf},
  code_url =     {https://github.com/isadrtdinov/grokking-reproduction},
  code_doi =     {},
  code_swh =     {swh:1:dir:ccc65ca6bac0009168d60348463bee1d59e8b1f8},
  data_url =     {http://yann.lecun.com/exdb/mnist/},
  data_doi =     {},
  review_url =   {https://openreview.net/forum?id=Vz9VLcJqKS},
  type =         {Replication},
  language =     {Python3},
  domain =       {ML Reproducibility Challenge 2022},
  keywords =     {rescience c, machine learning, deep learning, grokking, python, pytorch}
}

@Article {Moalla:2023,
  author =       {Skander Moalla and Manuel Madeira and Lorenzo Riccio and Joonhyung Lee},
  title =        {{[Re] Reproducibility Study of Behavior Transformers}},
  journal =      {ReScience C},
  year =         {2023},
  month =        {7},
  volume =       {9},
  number =       {2},
  pages =        {{#43}},
  doi =          {10.5281/zenodo.8173757},
  url =          {https://zenodo.org/record/8173757/files/article.pdf},
  code_url =     {https://github.com/skandermoalla/bet-reproduction},
  code_doi =     {10.5281/zenodo.7937169},
  code_swh =     {swh:1:dir:4a562f75c0fd44672b806498e18b67690a5baabd},
  data_url =     {https://github.com/skandermoalla/bet-reproduction},
  data_doi =     {10.5281/zenodo.7937169},
  review_url =   {https://openreview.net/forum?id=E0qO5dI5aEn},
  type =         {Replication},
  language =     {Python},
  domain =       {ML Reproducibility Challenge 2022},
  keywords =     {rescience c, machine learning, reinforcement learning, imitation learning, behavior cloning, transformer, pytorch, python}
}

@Article {Sun:2023,
  author =       {Kaiser Sun and Adina Williams and Dieuwke Hupkes},
  title =        {{[Re] A Replication Study of Compositional Generalization Works on Semantic Parsing}},
  journal =      {ReScience C},
  year =         {2023},
  month =        {7},
  volume =       {9},
  number =       {2},
  pages =        {{#44}},
  doi =          {10.5281/zenodo.8173759},
  url =          {https://zenodo.org/record/8173759/files/article.pdf},
  code_url =     {https://github.com/KaiserWhoLearns/CompGenRep_MLRC2022},
  code_doi =     {},
  code_swh =     {swh:1:dir:f508ee8f31bd7a768d1fa09e7fedf834e663fd6e},
  data_url =     {},
  data_doi =     {},
  review_url =   {https://openreview.net/forum?id=MF9uv95psps},
  type =         {Replication},
  language =     {Python},
  domain =       {ML Reproducibility Challenge 2022},
  keywords =     {rescience c, rescience x, natural language processing, compositional generalization, machine learning}
}

@Article {Lee:2023,
  author =       {Seungjae Ryan Lee and Seungmin Brian Lee},
  title =        {{[Re] Pure Noise to the Rescue of Insufficient Data}},
  journal =      {ReScience C},
  year =         {2023},
  month =        {7},
  volume =       {9},
  number =       {2},
  pages =        {{#45}},
  doi =          {10.5281/zenodo.8173763},
  url =          {https://zenodo.org/record/8173763/files/article.pdf},
  code_url =     {https://github.com/seungjaeryanlee/pure-noise},
  code_doi =     {10.5281/zenodo.7947264},
  code_swh =     {swh:1:dir:41b1ddbd87720da65e78d56dfc86b8eb81dbba56},
  data_url =     {},
  data_doi =     {},
  review_url =   {https://openreview.net/forum?id=ErBe4MnsVD},
  type =         {Replication},
  language =     {Python},
  domain =       {ML Reproducibility Challenge 2022},
  keywords =     {rescience c, rescience x, python, pytorch, wandb, machine learning, deep learning}
}

@Article {Sinha:2023,
  author =       {Koustuv Sinha and Maurits Bleeker and Samarth Bhargav and Jessica Zosa Forde and Sharath Chandra Raparthy and Jesse Dodge and Joelle Pineau and Robert Stojnic},
  title =        {{ML Reproducibility Challenge 2022}},
  journal =      {ReScience C},
  year =         {2023},
  month =        {7},
  volume =       {9},
  number =       {2},
  pages =        {{#46}},
  doi =          {10.5281/zenodo.8200058},
  url =          {https://zenodo.org/record/8200058/files/article.pdf},
  code_url =     {},
  code_doi =     {},
  code_swh =     {},
  data_url =     {},
  data_doi =     {},
  review_url =   {},
  type =         {Editorial},
  language =     {Python},
  domain =       {ML Reproducibility Challenge 2022},
  keywords =     {rescience c, machine learning, deep learning, python, pytorch}
}

