@article{Rougier:2018,
  doi = {10.1038/d41586-018-04628-w},
  year = {2018},
  month = apr,
  publisher = {Springer Nature},
  volume = {556},
  number = {7701},
  pages = {309--309},
  author = {Rougier, Nicolas P. and Hinsen, Konrad},
  title = {Code reviewing puts extra demands on referees },
  journal = {Nature},
}

@article{Science:2018,
  doi = {10.1126/science.359.6377.725},
  author = {Hutson, Matthew},
  url = {http://science.sciencemag.org/content/359/6377/725},
  year = {2018},
  month = feb,
  volume = {359},
  number = {6377},
  title = {Artificial intelligence faces a replication crisis},
  journal = {Science},
}

@Misc{Roboto:2011,
  author =       {Christian Robertson},
  title =        {The Roboto family of fonts (Google)},
  url =          {https://github.com/google/roboto},
  year =         2011,
  note =         {Apache License, verison 2.0},
}

@Misc{SourceSerifPro:2014,
  author =       {Frank Grießhammer},
  title =        {Source Serif Pro (Adobe Systems)},
  url =          {https://github.com/adobe-fonts/source-serif-pro},
  year =         2014,
  note =         {SIL Open Font License, version 1.1},
}

@Misc{SourceCodePro:2012,
  author =       {Paul D. Hunt},
  title =        {Source Code Pro (Adobe Systems)},
  url =          {https://github.com/adobe-fonts/source-code-pro},
  year =         2012,
  note =         {SIL Open Font License, version 1.1},
}

@article{Topalidou:2015,
  author =       {Topalidou, Meropi and Rougier, Nicolas P.},
  title =        {{[Re] Interaction between cognitive and motor cortico-basal
                  ganglia loops during decision making: a computational study}},
  journal =      {ReScience},
  year =         2015,
  volume =       1,
  number =       1,
  doi =          {10.5281/zenodo.27944},
}

@article{Rougier:2017,
  doi =          {10.7717/peerj-cs.142},
  author =       {Nicolas P. Rougier and Konrad Hinsen and Frédéric Alexandre
                  and Thomas Arildsen and Lorena Barba and Fabien
                  C. Y. Benureau and C. Titus Brown and Pierre de Buyl and Ozan
                  Caglayan and Andrew P. Davison and Marc André Delsuc and
                  Georgios Detorakis and Alexandra K. Diem and Damien Drix and
                  Pierre Enel and Benoît Girard and Olivia Guest and Matt
                  G. Hall and Rafael Neto Henriques and Xavier Hinaut and Kamil
                  S Jaron and Mehdi Khamassi and Almar Klein and Tiina Manninen
                  and Pietro Marchesi and Dan McGlinn and Christoph Metzner and
                  Owen L. Petchey and Hans Ekkehard Plesser and Timothée Poisot
                  and Karthik Ram and Yoav Ram and Etienne Roesch and Cyrille
                  Rossant and Vahid Rostami and Aaron Shifman and Joseph
                  Stachelek and Marcel Stimberg and Frank Stollmeier and
                  Federico Vaggi and Guillaume Viejo and Julien Vitay and Anya
                  Vostinar and Roman Yurchak and Tiziano Zito},
  title =        {{Sustainable computational science: the ReScience
                  initiative}},
  journal =      {{PeerJ} Computer Science},
  month =        12,
  volume =       3,
  pages =        {e142},
  year =         2017,
  github =       {https://github.com/ReScience/ReScience-article-2},
  keywords =     {journal},
  tags =         {OS},
}

@article{Sinha:2022,
  author = {Sinha, Koustuv and Dodge, Jesse and Luccioni, Sasha and Forde, Jessica Zosa and Raparthy, Sharath Chandra and Pineau, Joelle and Stojnic, Robert},
  title = {{ML Reproducibility Challenge 2021}},
  journal = {ReScience C},
  year = {2022},
  month = may,
  volume = {8},
  number = {2},
  pages = {{#48}},
  doi = {10.5281/zenodo.6574723},
  url = {https://zenodo.org/record/6574723/files/article.pdf},
  code_url = {},
  code_doi = {},
  code_swh = {},
  data_url = {},
  data_doi = {},
  review_url = {},
  type = {Editorial},
  language = {Python},
  domain = {ML Reproducibility Challenge 2021},
  keywords = {rescience c, machine learning, deep learning, python, pytorch}
}

@article{Sinha:2021,
  author = {Sinha, Koustuv and Dodge, Jesse and Luccioni, Sasha and Forde, Jessica Zosa and Stojnic, Robert and Pineau, Joelle},
  title = {{ML Reproducibility Challenge 2020}},
  journal = {ReScience C},
  year = {2021},
  month = may,
  volume = {7},
  number = {2},
  pages = {{#1}},
  doi = {10.5281/zenodo.4833117},
  url = {https://zenodo.org/record/4833117/files/article.pdf},
  code_url = {},
  code_doi = {},
  code_swh = {},
  data_url = {},
  data_doi = {},
  review_url = {},
  type = {Editorial},
  language = {},
  domain = {},
  keywords = {machine learning, neurips, reproducibility challenge}
}

@article{Sinha:2020,
  author = {Sinha, Koustuv and Pineau, Joelle and Forde, Jessica and Ke, Rosemary Nan and Larochelle, Hugo},
  title = {{NeurIPS 2019 Reproducibility Challenge}},
  journal = {ReScience C},
  year = {2020},
  month = may,
  volume = {6},
  number = {2},
  pages = {{#11}},
  doi = {10.5281/zenodo.3818627},
  url = {https://zenodo.org/record/3818627/files/article.pdf},
  code_url = {},
  code_doi = {},
  code_swh = {},
  data_url = {},
  data_doi = {},
  review_url = {},
  type = {Editorial},
  language = {},
  domain = {},
  keywords = {machine learning, neurips, reproducibility challenge}
}

@article{Pineau:2019,
  author = {Pineau, Joelle and Sinha, Koustuv and Fried, Genevieve and Ke, Rosemary Nan and Larochelle, Hugo},
  title = {{ICLR Reproducibility Challenge 2019}},
  journal = {ReScience C},
  year = {2019},
  month = may,
  volume = {5},
  number = {2},
  pages = {{#5}},
  doi = {10.5281/zenodo.3158244},
  url = {https://zenodo.org/record/3158244/files/article.pdf},
  code_url = {},
  code_doi = {},
  data_url = {},
  data_doi = {},
  review_url = {https://github.com/ReScience/submissions/issues/5},
  type = {Editorial},
  language = {},
  domain = {},
  keywords = {machine learning, ICLR, reproducibility challenge}
}
@article{schwarzschild2021can,
  title={Can You Learn an Algorithm? Generalizing from Easy to Hard Problems with Recurrent Networks},
  author={Schwarzschild, Avi and Borgnia, Eitan and Gupta, Arjun and Huang, Furong and Vishkin, Uzi and Goldblum, Micah and Goldstein, Tom},
  journal={Advances in Neural Information Processing Systems},
  volume={34},
  year={2021}
}
@article{bansal2022endtoend,
  title={End-to-end Algorithm Synthesis with Recurrent Networks: Logical Extrapolation Without Overthinking}, 
  author={Bansal, Aprit and Schwarzschild, Avi and Borgnia, Eitan and Emam, Zeyad and Huang, Furong and Goldblum, Micah and Goldstein, Tom},
  journal={Advances in Neural Information Processing Systems},
  volume={35},
  year={2022}
}
@article{jaeger2002tutorial,
  title={Tutorial on training recurrent neural networks, covering BPPT, RTRL, EKF and the "echo state network" approach},
  author={Jaeger, Herbert},
  year={2002},
  publisher={GMD-Forschungszentrum Informationstechnik Bonn}
}
@misc{Schwarzschild2021datasets,
      title={Datasets for Studying Generalization from Easy to Hard Examples}, 
      author={Avi Schwarzschild and Eitan Borgnia and Arjun Gupta and Arpit Bansal and Zeyad Emam and Furong Huang and Micah Goldblum and Tom Goldstein},
      year={2021},
      eprint={2108.06011},
      archivePrefix={arXiv}
}
@Misc{Yadan2019Hydra,
  author =       {Omry Yadan},
  title =        {Hydra - A framework for elegantly configuring complex applications},
  howpublished = {Github},
  year =         {2019},
  url =          {https://github.com/facebookresearch/hydra}
}
@INPROCEEDINGS{PytorchFIMahmoudAggarwalDSML20,
author={A. {Mahmoud} and N. {Aggarwal} and A. {Nobbe} and J. R. S. {Vicarte} and S. V. {Adve} and C. W. {Fletcher} and I. {Frosio} and S. K. S. {Hari}},
booktitle={2020 50th Annual IEEE/IFIP International Conference on Dependable Systems and Networks Workshops (DSN-W)},
title={PyTorchFI: A Runtime Perturbation Tool for DNNs},
year={2020},
pages={25-31},
}
@inproceedings{he2016deep,
  title={Deep residual learning for image recognition},
  author={He, Kaiming and Zhang, Xiangyu and Ren, Shaoqing and Sun, Jian},
  booktitle={Proceedings of the IEEE conference on computer vision and pattern recognition},
  pages={770--778},
  year={2016}
}
@inproceedings{anil2022path,
 title={Path Independent Equilibrium Models Can Better Exploit Test-Time Computation},
 author={Cem Anil and Ashwini Pokle and Kaiqu Liang and Johannes Treutlein and Yuhuai Wu and Shaojie Bai and J Zico Kolter and Roger Baker Grosse},
 booktitle={Advances in Neural Information Processing Systems},
 editor={Alice H. Oh and Alekh Agarwal and Danielle Belgrave and Kyunghyun Cho},
 year={2022},
 url={https://openreview.net/forum?id=kgT6D7Z4Xv9}
}
@inproceedings{bai2021jacobian,
  title     = {Stabilizing Equilibrium Models by Jacobian Regularization},
  author    = {Shaojie Bai and Vladlen Koltun and J. Zico Kolter},
  booktitle = {International Conference on Machine Learning (ICML)},
  year      = {2021}
}
@article{AdamW,
  title={Fixing weight decay regularization in adam},
  author={Loshchilov, Ilya and Hutter, Frank},
  year={2018}
}
@inproceedings{RAdam,
title={On the Variance of the Adaptive Learning Rate and Beyond},
author={Liyuan Liu and Haoming Jiang and Pengcheng He and Weizhu Chen and Xiaodong Liu and Jianfeng Gao and Jiawei Han},
booktitle={International Conference on Learning Representations},
year={2020},
url={https://openreview.net/forum?id=rkgz2aEKDr}
}