%%%%%%%%%%%%%
% CONVENTION
% Conference: dont include page nos, include month
% Journal: opposite
% 
% 
% Donot include URLs unless needed
% Keep conference names and booktitles consistent
%%%%%%%%%%%%%

% Dynamic Sparse Training

% SNFS
@misc{
    dettmers2020sparse,
    title={Sparse Networks from Scratch: Faster Training without Losing Performance},
    author={Tim Dettmers and Luke Zettlemoyer},
    year={2020},
    url={https://openreview.net/forum?id=ByeSYa4KPS}
}

% SET
@article{Mocanu2018SET, 
    author = {Mocanu, Decebal Constantin and Mocanu, Elena and Stone, Peter and Nguyen, Phuong H. and Gibescu, Madeleine and Liotta, Antonio}, 
    journal = {Nature Communications}, 
    title = {Scalable Training of Artificial Neural Networks with Adaptive Sparse Connectivity inspired by Network Science}, 
    year = {2018}, 
    doi = {10.1038/s41467-018-04316-3}, 
}

% RigL
@inproceedings{rigl,
 author = {Evci, Utku and Gale, Trevor and Menick, Jacob and Castro, Pablo Samuel and Elsen, Erich},
 booktitle = {Proceedings of Machine Learning and Systems (ICML)},
 month={July},
 title = {Rigging the Lottery: Making All Tickets Winners},
 year = {2020}
}

% Lottery ticket
@inproceedings{frankle2018lottery,
  title={The Lottery Ticket Hypothesis: Finding Sparse, Trainable Neural Networks},
  author={Frankle, Jonathan and Carbin, Michael},
  booktitle = {Proceedings of the International Conference on Learning Representations (ICLR)},
  month = {April},
  year={2018}
}

% Overparameterized Deep Nets
@inproceedings{denton2014exploiting,
  title={Exploiting linear structure within convolutional networks for efficient evaluation},
  author={Denton, Emily L and Zaremba, Wojciech and Bruna, Joan and LeCun, Yann and Fergus, Rob},
    booktitle = {Advances in Neural Information Processing Systems},
  year={2014},
  month={December},
}

@inproceedings{ba2014deep,
    title={Do deep nets really need to be deep?},
    author={Ba, Jimmy and Caruana, Rich},
    booktitle = {Advances in Neural Information Processing Systems},
    month={December},
    year={2014}
}

@inproceedings{Srinivas_2017_CVPR_Workshops,
    author = {Srinivas, Suraj and Subramanya, Akshayvarun and Venkatesh Babu, R.},
    title = {Training Sparse Neural Networks},
    booktitle = {Proceedings of the IEEE Conference on Computer Vision and Pattern Recognition (CVPR) Workshops},
    month = {July},
    year = {2017}
}

% Pruning
@article{han2016eie,
  title={EIE: efficient inference engine on compressed deep neural network},
  author={Han, Song and Liu, Xingyu and Mao, Huizi and Pu, Jing and Pedram, Ardavan and Horowitz, Mark A and Dally, William J},
  journal={ACM SIGARCH Computer Architecture News},
  volume={44},
  number={3},
  pages={243--254},
  year={2016},
}

@article{ashbyexploiting,
  title={Exploiting Unstructured Sparsity on Next-Generation Datacenter Hardware},
  author={Ashby, Mike and Baaij, Christiaan and Baldwin, Peter and Bastiaan, Martijn and Bunting, Oliver and Cairncross, Aiken and Chalmers, Christopher and Corrigan, Liz and Davis, Sam and van Doorn, Nathan and others},
  year={2017}
}

@inproceedings{to_prune_or_not,
  author    = {Michael Zhu and
               Suyog Gupta},
  title     = {To Prune, or Not to Prune: Exploring the Efficacy of Pruning for Model
               Compression},
  booktitle = {Proceedings of the International Conference on Learning Representations (ICLR)},
  month = {April},
  year      = {2018},
}

% Frameworks
% Tensorflow
@inproceedings{abadi2016tensorflow, 
  title={Tensorflow: A system for large-scale machine learning}, 
  author={Abadi, Mart{\'\i}n and Barham, Paul and Chen, Jianmin and Chen, Zhifeng and Davis, Andy and Dean, Jeffrey and Devin, Matthieu and Ghemawat, Sanjay and Irving, Geoffrey and Isard, Michael and others}, 
  booktitle={12th $\{$USENIX$\}$ Symposium on Operating Systems Design and Implementation ($\{$OSDI$\}$ 16)}, 
  pages={265--283}, 
  year={2016} 
}

% Pytorch
@inproceedings{Pytorch,
    title = {PyTorch: An Imperative Style, High-Performance Deep Learning Library},
    author = {Paszke, Adam and Gross, Sam and Massa, Francisco and Lerer, Adam and Bradbury, James and Chanan, Gregory and Killeen, Trevor and Lin, Zeming and Gimelshein, Natalia and Antiga, Luca and Desmaison, Alban and Kopf, Andreas and Yang, Edward and DeVito, Zachary and Raison, Martin and Tejani, Alykhan and Chilamkurthy, Sasank and Steiner, Benoit and Fang, Lu and Bai, Junjie and Chintala, Soumith},
    booktitle = {Advances in Neural Information Processing Systems},
    month={December},
    year = {2019}
}

% Datasets
@TECHREPORT{Krizhevsky09learningmultiple,
    author = {Alex Krizhevsky, Geoffrey Hinton},
    title = {Learning multiple layers of features from tiny images},
    year = {2009}
}

@article{ILSVRC15,
Author = {Olga Russakovsky and Jia Deng and Hao Su and Jonathan Krause and Sanjeev Satheesh and Sean Ma and Zhiheng Huang and Andrej Karpathy and Aditya Khosla and Michael Bernstein and Alexander C. Berg and Li Fei-Fei},
Title = { {ImageNet Large Scale Visual Recognition Challenge} },
Year = {2015},
journal   = {International Journal of Computer Vision (IJCV)},
volume={115},
number={3},
pages={211-252},
doi = {10.1007/s11263-015-0816-y},
}

@inproceedings{vinyals2016matching,
  title={Matching networks for one shot learning},
  author={Vinyals, Oriol and Blundell, Charles and Lillicrap, Timothy and Wierstra, Daan and others},
  booktitle = {Advances in Neural Information Processing Systems},
  month={December},
  year={2016}
}

@inproceedings{Ravi2017OptimizationAA,
  title={Optimization as a Model for Few-Shot Learning},
  author={S. Ravi and H. Larochelle},
  booktitle={Proceedings of the International Conference on Learning Representations (ICLR)},
  month={April},
  year={2017},
}

@inproceedings{finn2017model,
  title={Model-agnostic meta-learning for fast adaptation of deep networks},
  author={Finn, Chelsea and Abbeel, Pieter and Levine, Sergey},
  booktitle={Proceedings of the 34th International Conference on Machine Learning (ICML)},
  month={July},
  year={2017},
}

% Resnet, Wide Resnet
@inproceedings{Wide_ResNet_BMVC2016_87,
	title={Wide Residual Networks},
	author={Sergey Zagoruyko and Nikos Komodakis},
	year={2016},
	month={September},
	booktitle={Proceedings of the British Machine Vision Conference (BMVC)},
}

@InProceedings{He_2016_CVPR,
    author = {He, Kaiming and Zhang, Xiangyu and Ren, Shaoqing and Sun, Jian},
    title = {Deep Residual Learning for Image Recognition},
    booktitle = {Proceedings of the IEEE Conference on Computer Vision and Pattern Recognition (CVPR)},
    month = {June},
    year = {2016}
}

% Label Smoothing
@article{goyal2017accurate,
  title={Accurate, large minibatch sgd: Training imagenet in 1 hour},
  author={Goyal, Priya and Doll{\'a}r, Piotr and Girshick, Ross and Noordhuis, Pieter and Wesolowski, Lukasz and Kyrola, Aapo and Tulloch, Andrew and Jia, Yangqing and He, Kaiming},
  journal={arXiv preprint arXiv:1706.02677},
  year={2017}
}

% Optuna
@inproceedings{optuna_2019,
    title={Optuna: A Next-generation Hyperparameter Optimization Framework},
    author={Akiba, Takuya and Sano, Shotaro and Yanase, Toshihiko and Ohta, Takeru and Koyama, Masanori},
    booktitle={Proceedings of the 25rd {ACM} {SIGKDD} International Conference on Knowledge Discovery and Data Mining},
    month={August},
    year={2019}
}

% W&B
@misc{wandb,
title = {Experiment Tracking with Weights and Biases},
year = {2020},
note = {Software available from wandb.com},
url={https://www.wandb.com/},
author = {Biewald, Lukas},
}

% BatchNorm
@inproceedings{ioffe2015batch,
  title={Batch Normalization: Accelerating Deep Network Training by Reducing Internal Covariate Shift},
  author={Ioffe, Sergey and Szegedy, Christian},
  booktitle={International Conference on Machine Learning (ICML)},
  month={July},
  year={2015}
}

% Bag of Tricks
@InProceedings{He_2019_CVPR,
author = {He, Tong and Zhang, Zhi and Zhang, Hang and Zhang, Zhongyue and Xie, Junyuan and Li, Mu},
title = {Bag of Tricks for Image Classification with Convolutional Neural Networks},
booktitle = {Proceedings of the IEEE/CVF Conference on Computer Vision and Pattern Recognition (CVPR)},
month = {June},
year = {2019}
}

% TPE Sampler
@inproceedings{TPE_Bergstra,
 author = {Bergstra, James and Bardenet, R\'{e}mi and Bengio, Yoshua and K\'{e}gl, Bal\'{a}zs},
 booktitle = {Advances in Neural Information Processing Systems},
 title = {Algorithms for Hyper-Parameter Optimization},
 month={December},
 year = {2011}
}

% Structured Sparsity Algorithms
@InProceedings{Vooturi_2019_ICCV,
author = {Teja Vooturi, Dharma and Varma, Girish and Kothapalli, Kishore},
title = {Dynamic Block Sparse Reparameterization of Convolutional Neural Networks},
booktitle = {Proceedings of the IEEE/CVF International Conference on Computer Vision (ICCV) Workshops},
month = {Oct},
year = {2019}
}

@article{gray2017gpu,
  title={Gpu kernels for block-sparse weights},
  author={Gray, Scott and Radford, Alec and Kingma, Diederik P},
  journal={arXiv preprint arXiv:1711.09224},
  volume={3},
  year={2017}
}


