@article{Sinha:2021,
  author = {Sinha, Koustuv and Dodge, Jesse and Luccioni, Sasha and Forde, Jessica Zosa and Stojnic, Robert and Pineau, Joelle},
  title = {{ML Reproducibility Challenge 2020}},
  journal = {ReScience C},
  year = {2021},
  month = may,
  volume = {7},
  number = {2},
  pages = {1},
  doi = {10.5281/zenodo.4833117},
  url = {https://zenodo.org/record/4833117/files/article.pdf},
  type = {Editorial},
  keywords = {machine learning, neurips, reproducibility challenge}
}


@article{sanfeliu1983distance,
  title={A distance measure between attributed relational graphs for pattern recognition},
  author={Sanfeliu, Alberto and Fu, King-Sun},
  journal={IEEE transactions on systems, man, and cybernetics},
  number={3},
  pages={353--362},
  year={1983},
  publisher={IEEE}
},

@article{abu2017graph,
  title={Graph edit distance contest: Results and future challenges},
  author={Abu-Aisheh, Zeina and Ga{\"u}zere, Benoit and Bougleux, S{\'e}bastien and Ramel, Jean-Yves and Brun, Luc and Raveaux, Romain and H{\'e}roux, Pierre and Adam, S{\'e}bastien},
  journal={Pattern Recognition Letters},
  volume={100},
  pages={96--103},
  year={2017},
  publisher={Elsevier}
},

@article{zhang1989simple,
  title={Simple fast algorithms for the editing distance between trees and related problems},
  author={Zhang, Kaizhong and Shasha, Dennis},
  journal={SIAM journal on computing},
  volume={18},
  number={6},
  pages={1245--1262},
  year={1989},
  publisher={SIAM}
},

@article{bougleux2017graph,
  title={Graph edit distance as a quadratic assignment problem},
  author={Bougleux, Sebastien and Brun, Luc and Carletti, Vincenzo and Foggia, Pasquale and Ga{\"u}z{\`e}re, Benoit and Vento, Mario},
  journal={Pattern Recognition Letters},
  volume={87},
  pages={38--46},
  year={2017},
  publisher={Elsevier}
},

@article{paassen2018time,
  title={Time series prediction for graphs in kernel and dissimilarity spaces},
  author={Paa{\ss}en, Benjamin and G{\"o}pfert, Christina and Hammer, Barbara},
  journal={Neural Processing Letters},
  volume={48},
  number={2},
  pages={669--689},
  year={2018},
  publisher={Springer}
},

@Article{         numpy,
 title         = {Array programming with {NumPy}},
 author        = {Charles R. Harris and K. Jarrod Millman and St{\'{e}}fan J.
                 van der Walt and Ralf Gommers and Pauli Virtanen and David
                 Cournapeau and Eric Wieser and Julian Taylor and Sebastian
                 Berg and Nathaniel J. Smith and Robert Kern and Matti Picus
                 and Stephan Hoyer and Marten H. van Kerkwijk and Matthew
                 Brett and Allan Haldane and Jaime Fern{\'{a}}ndez del
                 R{\'{i}}o and Mark Wiebe and Pearu Peterson and Pierre
                 G{\'{e}}rard-Marchant and Kevin Sheppard and Tyler Reddy and
                 Warren Weckesser and Hameer Abbasi and Christoph Gohlke and
                 Travis E. Oliphant},
 year          = {2020},
 month         = sep,
 journal       = {Nature},
 volume        = {585},
 number        = {7825},
 pages         = {357--362},
 doi           = {10.1038/s41586-020-2649-2},
 publisher     = {Springer Science and Business Media {LLC}},
 url           = {https://doi.org/10.1038/s41586-020-2649-2}
},

@incollection{pytorch,
title = {PyTorch: An Imperative Style, High-Performance Deep Learning Library},
author = {Paszke, Adam and Gross, Sam and Massa, Francisco and Lerer, Adam and Bradbury, James and Chanan, Gregory and Killeen, Trevor and Lin, Zeming and Gimelshein, Natalia and Antiga, Luca and Desmaison, Alban and Kopf, Andreas and Yang, Edward and DeVito, Zachary and Raison, Martin and Tejani, Alykhan and Chilamkurthy, Sasank and Steiner, Benoit and Fang, Lu and Bai, Junjie and Chintala, Soumith},
booktitle = {Advances in Neural Information Processing Systems 32},
editor = {H. Wallach and H. Larochelle and A. Beygelzimer and F. d\textquotesingle Alch\'{e}-Buc and E. Fox and R. Garnett},
pages = {8024--8035},
year = {2019},
publisher = {Curran Associates, Inc.},
url = {http://papers.neurips.cc/paper/9015-pytorch-an-imperative-style-high-performance-deep-learning-library.pdf}
},

@inproceedings{PyG,
  title={Fast Graph Representation Learning with {PyTorch Geometric}},
  author={Fey, Matthias and Lenssen, Jan E.},
  booktitle={ICLR Workshop on Representation Learning on Graphs and Manifolds},
  year={2019},
},

@inproceedings{Edist,
author = {Paaßen, Benjamin and Mokbel, Bassam and Hammer, Barbara},
booktitle = {Proceedings of the 8th {International Conference on Educational Data Mining} ({EDM 2015})},
date = {2015-06},
editor = {Santos et. al.},
language = {English},
pages = {632–632},
publisher = {International Educational Datamining Society},
title = {A Toolbox for Adaptive Sequence Dissimilarity Measures for Intelligent Tutoring Systems},
url = {http://www.educationaldatamining.org/EDM2015/uploads/papers/paper_257.pdf},
venue = {Madrid, Spain},
year = {2015}
},

@Article{mpl,
  Author    = {Hunter, J. D.},
  Title     = {Matplotlib: A 2D graphics environment},
  Journal   = {Computing in Science \& Engineering},
  Volume    = {9},
  Number    = {3},
  Pages     = {90--95},
  abstract  = {Matplotlib is a 2D graphics package used for Python for
  application development, interactive scripting, and publication-quality
  image generation across user interfaces and operating systems.},
  publisher = {IEEE COMPUTER SOC},
  doi       = {10.1109/MCSE.2007.55},
  year      = 2007
},

@misc{gitlab,
  author = {bpaassen},
  title = {Graph Edit Networks },
  year = {2021},
  publisher = {GitLab},
  journal = {GitLab repository},
  howpublished = {\url{https://gitlab.com/bpaassen/graph-edit-networks}},
  commit = {588dffecda861bdfe56b7b0dd319bd5f3312f467},
  note = {Originally provided SHA = 588dffec. SHA w/ fixes, as a result of our work = aeab0e04. Note that the latter SHA reveals author name.}
},

@article{vgae,
  title={Variational graph auto-encoders},
  author={Kipf, Thomas N and Welling, Max},
  journal={arXiv preprint arXiv:1611.07308},
  year={2016}
},
@article{VGRNN,
  title={Variational graph recurrent neural networks},
  author={Hajiramezanali, Ehsan and Hasanzadeh, Arman and Duffield, Nick and Narayanan, Krishna R and Zhou, Mingyuan and Qian, Xiaoning},
  journal={arXiv preprint arXiv:1908.09710},
  year={2019}
},

@inproceedings{hep,
  title={Graphs over time: densification laws, shrinking diameters and possible explanations},
  author={Leskovec, Jure and Kleinberg, Jon and Faloutsos, Christos},
  booktitle={Proceedings of the eleventh ACM SIGKDD international conference on Knowledge discovery in data mining},
  pages={177--187},
  year={2005}
},
@article{GoL,
  title={The Fantastic Combinations of John Conway's New Solitaire Game'Life},
  author={Gardner, Martin},
  journal={Sc. Am.},
  volume={223},
  pages={20--123},
  year={1970}
},

@article{erdHos1959renyi,
  title={On random graphs},
  author={Erd{\H{o}}s, P. and R{\'e}nyi, A.},
  journal={ Publicationes Mathematicae (Debre)},
  year={1959}
},
@article{albert2002statistical,
  title={Statistical mechanics of complex networks},
  author={Albert, R{\'e}ka and Barab{\'a}si, Albert-L{\'a}szl{\'o}},
  journal={Reviews of modern physics},
  volume={74},
  number={1},
  pages={47},
  year={2002},
  publisher={APS}
},

@article{newman2003structure,
  title={The structure and function of complex networks},
  author={Newman, Mark EJ},
  journal={SIAM review},
  volume={45},
  number={2},
  pages={167--256},
  year={2003},
  publisher={SIAM}
},

@misc{Git,
author = {},
title = {Anonymized supplementary repository for the Reproducibility challenge - Anonymous GitHub},
howpublished = {\url{https://anonymous.4open.science/r/reproducibility_challenge-9D55/README.md}},
month = {},
year = {},
note = {(Accessed on 02/02/2022). The anonimized repository will remain active until  }
}