@ARTICLE{Rougier:2018,
  AUTHOR = {Rougier, Nicolas P. and Hinsen, Konrad},
  PUBLISHER = {Springer Nature},
  DATE = {2018-04},
  DOI = {10.1038/d41586-018-04628-w},
  JOURNALTITLE = {Nature},
  NUMBER = {7701},
  PAGES = {309--309},
  TITLE = {Code reviewing puts extra demands on referees},
  VOLUME = {556},
}

@ARTICLE{Science:2018,
  AUTHOR = {Hutson, Matthew},
  URL = {http://science.sciencemag.org/content/359/6377/725},
  DATE = {2018-02},
  DOI = {10.1126/science.359.6377.725},
  JOURNALTITLE = {Science},
  NUMBER = {6377},
  TITLE = {Artificial intelligence faces a replication crisis},
  VOLUME = {359},
}

@MISC{Roboto:2011,
  AUTHOR = {Robertson, Christian},
  URL = {https://github.com/google/roboto},
  DATE = {2011},
  NOTE = {Apache License, verison 2.0},
  TITLE = {The Roboto family of fonts (Google)},
}

@MISC{SourceSerifPro:2014,
  AUTHOR = {Grießhammer, Frank},
  URL = {https://github.com/adobe-fonts/source-serif-pro},
  DATE = {2014},
  NOTE = {SIL Open Font License, version 1.1},
  TITLE = {Source Serif Pro (Adobe Systems)},
}

@MISC{SourceCodePro:2012,
  AUTHOR = {Hunt, Paul D.},
  URL = {https://github.com/adobe-fonts/source-code-pro},
  DATE = {2012},
  NOTE = {SIL Open Font License, version 1.1},
  TITLE = {Source Code Pro (Adobe Systems)},
}

@ARTICLE{Topalidou:2015,
  AUTHOR = {Topalidou, Meropi and Rougier, Nicolas P.},
  DATE = {2015},
  DOI = {10.5281/zenodo.27944},
  JOURNALTITLE = {ReScience},
  NUMBER = {1},
  TITLE = {{[Re] Interaction between cognitive and motor cortico-basal ganglia loops during decision making: a computational study}},
  VOLUME = {1},
}

@ARTICLE{Rougier:2017,
  AUTHOR = {Rougier, Nicolas P. and Hinsen, Konrad and Alexandre, Frédéric and Arildsen, Thomas and Barba, Lorena and Benureau, Fabien C. Y. and Brown, C. Titus and de Buyl, Pierre and Caglayan, Ozan and Davison, Andrew P. and Delsuc, Marc André and Detorakis, Georgios and Diem, Alexandra K. and Drix, Damien and Enel, Pierre and Girard, Benoît and Guest, Olivia and Hall, Matt G. and Henriques, Rafael Neto and Hinaut, Xavier and Jaron, Kamil S and Khamassi, Mehdi and Klein, Almar and Manninen, Tiina and Marchesi, Pietro and McGlinn, Dan and Metzner, Christoph and Petchey, Owen L. and Plesser, Hans Ekkehard and Poisot, Timothée and Ram, Karthik and Ram, Yoav and Roesch, Etienne and Rossant, Cyrille and Rostami, Vahid and Shifman, Aaron and Stachelek, Joseph and Stimberg, Marcel and Stollmeier, Frank and Vaggi, Federico and Viejo, Guillaume and Vitay, Julien and Vostinar, Anya and Yurchak, Roman and Zito, Tiziano},
  DATE = {2017-12},
  DOI = {10.7717/peerj-cs.142},
  JOURNALTITLE = {{PeerJ} Computer Science},
  KEYWORDS = {journal},
  PAGES = {e142},
  TITLE = {{Sustainable computational science: the ReScience initiative}},
  VOLUME = {3},
}

