@inproceedings{lucic2022focus,
  title={FOCUS: Flexible optimizable counterfactual explanations for tree ensembles},
  author={Lucic, Ana and Oosterhuis, Harrie and Haned, Hinda and de Rijke, Maarten},
  booktitle={Proceedings of the AAAI Conference on Artificial Intelligence},
  volume={36},
  number={5},
  pages={5313--5322},
  year={2022}
}

@article{cortez2009modeling,
  title={Modeling wine preferences by data mining from physicochemical properties},
  author={Cortez, Paulo and Cerdeira, Ant{\'o}nio and Almeida, Fernando and Matos, Telmo and Reis, Jos{\'e}},
  journal={Decision support systems},
  volume={47},
  number={4},
  pages={547--553},
  year={2009},
  publisher={Elsevier}
}

@article{sakar2019real,
  title={Real-time prediction of online shoppersâ€™ purchasing intention using multilayer perceptron and LSTM recurrent neural networks},
  author={Sakar, C Okan and Polat, S Olcay and Katircioglu, Mete and Kastro, Yomi},
  journal={Neural Computing and Applications},
  volume={31},
  number={10},
  pages={6893--6908},
  year={2019},
  publisher={Springer}
}

@article{ofer2017compas,
  title={COMPAS Dataset},
  author={Ofer, Dan},
  journal={Kaggle: https://www. kaggle. com/danofer/compass},
  pages={19},
  year={2017}
}

 @online{fico2017,
  title={HELOC Dataset},
  author={FICO2017},
  year={2017},
  url={https://community.fico.com/s/explainable-machine-learning-challenge?tabset-158d9=3},
  urldate={2023-01-08}
}

@inproceedings{akiba2019optuna,
  title={Optuna: A next-generation hyperparameter optimization framework},
  author={Akiba, Takuya and Sano, Shotaro and Yanase, Toshihiko and Ohta, Takeru and Koyama, Masanori},
  booktitle={Proceedings of the 25th ACM SIGKDD international conference on knowledge discovery \& data mining},
  pages={2623--2631},
  year={2019}
}

@misc{Dua:2019 ,
author = "Dua, Dheeru and Graff, Casey",
year = "2017",
title = "{UCI} Machine Learning Repository",
url = "http://archive.ics.uci.edu/ml",
institution = "University of California, Irvine, School of Information and Computer Sciences" }

@article{ke2017lightgbm,
  title={Lightgbm: A highly efficient gradient boosting decision tree},
  author={Ke, Guolin and Meng, Qi and Finley, Thomas and Wang, Taifeng and Chen, Wei and Ma, Weidong and Ye, Qiwei and Liu, Tie-Yan},
  journal={Advances in neural information processing systems},
  volume={30},
  year={2017}
}

@inproceedings{kanamori2020dace,
  title={DACE: Distribution-Aware Counterfactual Explanation by Mixed-Integer Linear Optimization.},
  author={Kanamori, Kentaro and Takagi, Takuya and Kobayashi, Ken and Arimura, Hiroki},
  booktitle={IJCAI},
  pages={2855--2862},
  year={2020}
}

@article{wachter2017counterfactual,
  title={Counterfactual explanations without opening the black box: Automated decisions and the GDPR},
  author={Wachter, Sandra and Mittelstadt, Brent and Russell, Chris},
  journal={Harv. JL \& Tech.},
  volume={31},
  pages={841},
  year={2017},
  publisher={HeinOnline}
}

@inproceedings{Chen:2016:XST:2939672.2939785,
 author = {Chen, Tianqi and Guestrin, Carlos},
 title = {{XGBoost}: A Scalable Tree Boosting System},
 booktitle = {Proceedings of the 22nd ACM SIGKDD International Conference on Knowledge Discovery and Data Mining},
 series = {KDD '16},
 year = {2016},
 isbn = {978-1-4503-4232-2},
 location = {San Francisco, California, USA},
 pages = {785--794},
 numpages = {10},
 url = {http://doi.acm.org/10.1145/2939672.2939785},
 doi = {10.1145/2939672.2939785},
 acmid = {2939785},
 publisher = {ACM},
 address = {New York, NY, USA},
 keywords = {large-scale machine learning},
}

@article{kingma2014adam,
  title={Adam: A method for stochastic optimization},
  author={Kingma, Diederik P and Ba, Jimmy},
  journal={arXiv preprint arXiv:1412.6980},
  year={2014}
}

@inproceedings{dutta2022robust,
  title={Robust counterfactual explanations for tree-based ensembles},
  author={Dutta, Sanghamitra and Long, Jason and Mishra, Saumitra and Tilli, Cecilia and Magazzeni, Daniele},
  booktitle={International Conference on Machine Learning},
  pages={5742--5756},
  year={2022},
  organization={PMLR}
}