@inproceedings{lim2022hypergraph,
  title={Hypergraph-induced semantic tuplet loss for deep metric learning},
  author={Lim, Jongin and Yun, Sangdoo and Park, Seulki and Choi, Jin Young},
  booktitle={Proceedings of the IEEE/CVF Conference on Computer Vision and Pattern Recognition},
  pages={212--222},
  year={2022}
}

@inproceedings{musgrave2020metric,
  title={A metric learning reality check},
  author={Musgrave, Kevin and Belongie, Serge and Lim, Ser-Nam},
  booktitle={Computer Vision--ECCV 2020: 16th European Conference, Glasgow, UK, August 23--28, 2020, Proceedings, Part XXV 16},
  pages={681--699},
  year={2020},
  organization={Springer}
}

@inproceedings{krause20133d,
  title={3d object representations for fine-grained categorization},
  author={Krause, Jonathan and Stark, Michael and Deng, Jia and Fei-Fei, Li},
  booktitle={Proceedings of the IEEE international conference on computer vision workshops},
  pages={554--561},
  year={2013}
}

@article{wah2011caltech,
  title={The caltech-ucsd birds-200-2011 dataset},
  author={Wah, Catherine and Branson, Steve and Welinder, Peter and Perona, Pietro and Belongie, Serge},
  year={2011},
  publisher={California Institute of Technology}
}

@inproceedings{oh2016deep,
  title={Deep metric learning via lifted structured feature embedding},
  author={Oh Song, Hyun and Xiang, Yu and Jegelka, Stefanie and Savarese, Silvio},
  booktitle={Proceedings of the IEEE conference on computer vision and pattern recognition},
  pages={4004--4012},
  year={2016}
}

@article{feng2018hypergraph,
  title={Hypergraph Neural Networks},
  author={Feng, Yifan and You, Haoxuan and Zhang, Zizhao and Ji, Rongrong and Gao, Yue},
  journal={AAAI 2019},
  year={2018}
}

@article{gao2022hgnn,
  title={HGNN $\^{}+ $: General Hypergraph Neural Networks},
  author={Gao, Yue and Feng, Yifan and Ji, Shuyi and Ji, Rongrong},
  journal={IEEE Transactions on Pattern Analysis and Machine Intelligence},
  year={2022},
  publisher={IEEE}
}

@inproceedings{movshovitz2017no,
  title={No fuss distance metric learning using proxies},
  author={Movshovitz-Attias, Yair and Toshev, Alexander and Leung, Thomas K and Ioffe, Sergey and Singh, Saurabh},
  booktitle={Proceedings of the IEEE international conference on computer vision},
  pages={360--368},
  year={2017}
}

@inproceedings{liu2017sphereface,
  title={Sphereface: Deep hypersphere embedding for face recognition},
  author={Liu, Weiyang and Wen, Yandong and Yu, Zhiding and Li, Ming and Raj, Bhiksha and Song, Le},
  booktitle={Proceedings of the IEEE conference on computer vision and pattern recognition},
  pages={212--220},
  year={2017}
}

@inproceedings{filkovic2016deep,
  title={Deep metric learning for person Re-identification and De-identification},
  author={Filkovi{\'c}, Ivan and Kalafati{\'c}, Zoran and Hrka{\'c}, Tomislav},
  booktitle={2016 39th International Convention on Information and Communication Technology, Electronics and Microelectronics (MIPRO)},
  pages={1360--1364},
  year={2016},
  organization={IEEE}
}

@article{sohn2016improved,
  title={Improved deep metric learning with multi-class n-pair loss objective},
  author={Sohn,Kihyuk},
  journal={Advances in neural information processing systems},
  volume={29},
  year={2016}
}

@inproceedings{wang2019multi,
  title={Multi-similarity loss with general pair weighting for deep metric learning},
  author={Wang, Xun and Han, Xintong and Huang, Weilin and Dong, Dengke and Scott, Matthew R},
  booktitle={Proceedings of the IEEE/CVF conference on computer vision and pattern recognition},
  pages={5022--5030},
  year={2019}
}

@inproceedings{chen2017beyond,
  title={Beyond triplet loss: a deep quadruplet network for person re-identification},
  author={Chen, Weihua and Chen, Xiaotang and Zhang, Jianguo and Huang, Kaiqi},
  booktitle={Proceedings of the IEEE conference on computer vision and pattern recognition},
  pages={403--412},
  year={2017}
}

@inproceedings{xiao2017joint,
  title={Joint detection and identification feature learning for person search},
  author={Xiao, Tong and Li, Shuang and Wang, Bochao and Lin, Liang and Wang, Xiaogang},
  booktitle={Proceedings of the IEEE conference on computer vision and pattern recognition},
  pages={3415--3424},
  year={2017}
}

@inproceedings{schroff2015facenet,
  title={Facenet: A unified embedding for face recognition and clustering},
  author={Schroff, Florian and Kalenichenko, Dmitry and Philbin, James},
  booktitle={Proceedings of the IEEE conference on computer vision and pattern recognition},
  pages={815--823},
  year={2015}
}

@article{sun2014deep,
  title={Deep learning face representation by joint identification-verification},
  author={Sun, Yi and Chen, Yuheng and Wang, Xiaogang and Tang, Xiaoou},
  journal={Advances in neural information processing systems},
  volume={27},
  year={2014}
}

@article{xing2002distance,
  title={Distance metric learning with application to clustering with side-information},
  author={Xing, Eric and Jordan, Michael and Russell, Stuart J and Ng, Andrew},
  journal={Advances in neural information processing systems},
  volume={15},
  year={2002}
}

@article{weinberger2009distance,
  title={Distance metric learning for large margin nearest neighbor classification.},
  author={Weinberger, Kilian Q and Saul, Lawrence K},
  journal={Journal of machine learning research},
  volume={10},
  number={2},
  year={2009}
}

@inproceedings{he2016deep,
  title={Deep residual learning for image recognition},
  author={He, Kaiming and Zhang, Xiangyu and Ren, Shaoqing and Sun, Jian},
  booktitle={Proceedings of the IEEE conference on computer vision and pattern recognition},
  pages={770--778},
  year={2016}
}

@inproceedings{ioffe2015batch,
  title={Batch normalization: Accelerating deep network training by reducing internal covariate shift},
  author={Ioffe, Sergey and Szegedy, Christian},
  booktitle={International conference on machine learning},
  pages={448--456},
  year={2015},
  organization={pmlr}
}

@inproceedings{deng2009imagenet,
  title={Imagenet: A large-scale hierarchical image database},
  author={Deng, Jia and Dong, Wei and Socher, Richard and Li, Li-Jia and Li, Kai and Fei-Fei, Li},
  booktitle={2009 IEEE conference on computer vision and pattern recognition},
  pages={248--255},
  year={2009},
  organization={Ieee}
}

@article{hinton2015distilling,
  title={Distilling the knowledge in a neural network},
  author={Hinton, Geoffrey and Vinyals, Oriol and Dean, Jeff},
  journal={arXiv preprint arXiv:1503.02531},
  year={2015}
}

@inproceedings{hoffer2015deep,
  title={Deep metric learning using triplet network},
  author={Hoffer, Elad and Ailon, Nir},
  booktitle={Similarity-Based Pattern Recognition: Third International Workshop, SIMBAD 2015, Copenhagen, Denmark, October 12-14, 2015. Proceedings 3},
  pages={84--92},
  year={2015},
  organization={Springer}
}

@inproceedings{kim2020proxy,
  title={Proxy anchor loss for deep metric learning},
  author={Kim, Sungyeon and Kim, Dongwon and Cho, Minsu and Kwak, Suha},
  booktitle={Proceedings of the IEEE/CVF Conference on Computer Vision and Pattern Recognition},
  pages={3238--3247},
  year={2020}
}

@inproceedings{xu2021discrimination,
  title={Discrimination-aware mechanism for fine-grained representation learning},
  author={Xu, Furong and Wang, Meng and Zhang, Wei and Cheng, Yuan and Chu, Wei},
  booktitle={Proceedings of the IEEE/CVF Conference on Computer Vision and Pattern Recognition},
  pages={813--822},
  year={2021}
}

@inproceedings{zheng2021deep,
  title={Deep relational metric learning},
  author={Zheng, Wenzhao and Zhang, Borui and Lu, Jiwen and Zhou, Jie},
  booktitle={Proceedings of the IEEE/CVF International Conference on Computer Vision},
  pages={12065--12074},
  year={2021}
}

@article{zhu2020fewer,
  title={Fewer is more: A deep graph metric learning perspective using fewer proxies},
  author={Zhu, Yuehua and Yang, Muli and Deng, Cheng and Liu, Wei},
  journal={Advances in Neural Information Processing Systems},
  volume={33},
  pages={17792--17803},
  year={2020}
}

@inproceedings{qian2019softtriple,
  title={Softtriple loss: Deep metric learning without triplet sampling},
  author={Qian, Qi and Shang, Lei and Sun, Baigui and Hu, Juhua and Li, Hao and Jin, Rong},
  booktitle={Proceedings of the IEEE/CVF International Conference on Computer Vision},
  pages={6450--6458},
  year={2019}
}
