@article{Han:2022,
  title = 	 {G-Mixup: Graph Data Augmentation for Graph Classification},
  author =       {Han, Xiaotian and Jiang, Zhimeng and Liu, Ninghao and Hu, Xia},
  journal = 	 {Proceedings of the 39th International Conference on Machine Learning},
  pages = 	 {8230--8248},
  year = 	 {2022},
  volume = 	 {162},
  month = 	 {7},
  url = 	 {https://proceedings.mlr.press/v162/han22c.html},
}



@article {Lovasz:2006,
    AUTHOR = {Lovasz, L\'{a}szl\'{o} and Szegedy, Bal\'{a}zs},
     TITLE = {Limits of dense graph sequences},
   JOURNAL = {J. Combin. Theory Ser. B},
    VOLUME = {96},
      YEAR = {2006},
    NUMBER = {6},
     PAGES = {933--957},
       DOI = {10.1016/j.jctb.2006.05.002},
       URL = {https://doi-org.proxy.lib.umich.edu/10.1016/j.jctb.2006.05.002},
}

@article{Morris:2020,
    title={TUDataset: A collection of benchmark datasets for learning with graphs},
    author={Morris, Christopher and Kriege, Nils M. and Bause, Franka and Kersting, Kristian and Mutzel, Petra and Neumann, Marion},
    journal={ICML 2020 Workshop on Graph Representation Learning and Beyond (GRL+ 2020)},
    pages={},
    year={2020}
}

@article{
Rong:2020,
title={DropEdge: Towards Deep Graph Convolutional Networks on Node Classification},
author={Rong, Yu and Huang, Wenbing and Xu, Tingyang and Huang, Junzhou},
journal={International Conference on Learning Representations},
year={2020},
}

@article{You:2020,
 author = {You, Yuning and Chen, Tianlong and Sui, Yongduo and Chen, Ting and Wang, Zhangyang and Shen, Yang},
 journal = {Advances in Neural Information Processing Systems},
 pages = {5812--5823},
 title = {Graph Contrastive Learning with Augmentations},
 volume = {33},
 year = {2020}
}

@article{
Zhang:2018,
title={mixup: Beyond Empirical Risk Minimization},
author={Zhang, Hongyi and Cisse, Moustapha and Dauphin, Yann N. and Lopez-Paz, David},
journal={International Conference on Learning Representations},
year={2018},
}

@article{Channarond:2012,
author = {Channarond, Antoine and Daudin, Jean-Jacques and Robin, St{\'e}phane},
title = {{Classification and estimation in the Stochastic Blockmodel based on the empirical degrees}},
volume = {6},
journal = {Electronic Journal of Statistics},
number = {none},
pages = {2574 -- 2601},
% keywords = {clustering, estimation, Model selection, stochastic blockmodel, unsupervised classification},
year = {2012},
doi = {10.1214/12-EJS753},
}

@article{Chatterjee:2015,
author = {Chatterjee, Sourav},
title = {{Matrix estimation by Universal Singular Value Thresholding}},
volume = {43},
journal = {The Annals of Statistics},
number = {1},
pages = {177 -- 214},
year = {2015},
doi = {10.1214/14-AOS1272},
}

@inproceedings{Kipf:2017,
title={Semi-Supervised Classification with Graph Convolutional Networks},
author={Kipf, Thomas N. and Welling, Max},
journal={International Conference on Learning Representations},
year={2017},
}

@article{Xu:2019,
  title={How Powerful are Graph Neural Networks?},
  author={Xu, Keyulu and Hu, Weihua and Leskovec, Jure and Jegelka, Stefanie},
  journal={ArXiv},
  year={2019},
  volume={abs/1810.00826}
}

@article{Hu:2021,
  title={Training graph neural networks by graphon estimation},
  author={Hu, Ziqing and Fang, Yihao and Lin, Lizhen},
  journal={ArXiv},
  year={2021},
  volume={abs/2109.01918}
}

@article{Grandvalet:1997,
    author = {Grandvalet, Yves and Canu, Stéphane and Boucheron, Stéphane},
    title = {Noise Injection: Theoretical Prospects},
    journal = {Neural Computation},
    volume = {9},
    number = {5},
    pages = {1093-1108},
    year = {1997},
    month = {07},
    issn = {0899-7667},
    doi = {10.1162/neco.1997.9.5.1093},
}








