% iFLOW
@article{li2019identifying,
  title={Identifying through Flows for Recovering Latent Representations},
  author={Li, Shen and Hooi, Bryan and Lee, Gim Hee},
  journal={arXiv preprint arXiv:1909.12555},
  year={2019}
}

% iVAE
@inproceedings{khemakhem2020variational,
  title={Variational autoencoders and nonlinear ica: A unifying framework},
  author={Khemakhem, Ilyes and Kingma, Diederik and Monti, Ricardo and Hyvarinen, Aapo},
  booktitle={International Conference on Artificial Intelligence and Statistics},
  pages={2207--2217},
  year={2020},
  organization={PMLR}
}

% Beta VAE disentanglement, legt uit hoe beta VAE werkt
@article{burgess2018understanding,
  title={Understanding disentangling in $\beta$-VAE},
  author={Burgess, Christopher P and Higgins, Irina and Pal, Arka and Matthey, Loic and Watters, Nick and Desjardins, Guillaume and Lerchner, Alexander},
  journal={arXiv preprint arXiv:1804.03599},
  year={2018}
}

% Neural Spline Flows
@inproceedings{durkan2019neural,
  title={Neural Spline Flows},
  author={Durkan, Conor and Bekasov, Artur and Murray, Iain and Papamakarios, George},
  booktitle={Advances in Neural Information Processing Systems},
  pages={7511--7522},
  year={2019}
}

% Adam, van onze boy
@article{kingma2014adam,
  title={Adam: A method for stochastic optimization},
  author={Kingma, Diederik P and Ba, Jimmy},
  journal={arXiv preprint arXiv:1412.6980},
  year={2014}
}

% VEAs, van onze boy
@article{kingma2013auto,
  title={Auto-Encoding Variational Bayes},
  author={Kingma, Diederik P and Welling, Max},
  journal={arXiv preprint arXiv:1312.6114},
  year={2013}
}

% identifiable TCL
@article{hyvarinen2016unsupervised,
  title={Unsupervised feature extraction by time-contrastive learning and nonlinear ica},
  author={Hyvarinen, Aapo and Morioka, Hiroshi},
  journal={arXiv preprint arXiv:1605.06336},
  year={2016}
}

@article{kullback1951information,
  title={On information and sufficiency},
  author={Kullback, Solomon and Leibler, Richard A},
  journal={The annals of mathematical statistics},
  volume={22},
  number={1},
  pages={79--86},
  year={1951},
  publisher={JSTOR}
}
