@article{Khajehnejad2022, 
  title={CrossWalk: Fairness-Enhanced Node Representation Learning}, 
  volume={36}, 
  url={https://ojs.aaai.org/index.php/AAAI/article/view/21454}, 
  DOI={10.1609/aaai.v36i11.21454}, 
  number={11}, 
  journal={Proceedings of the AAAI Conference on Artificial Intelligence}, 
  author={Khajehnejad, Ahmad and Khajehnejad, Moein and Babaei, Mahmoudreza and Gummadi, Krishna P. and Weller, Adrian and Mirzasoleiman, Baharan}, 
  year={2022}, 
  month={6}, 
  pages={11963-11970}
}

@online{Khajehnejad2022-github,
  author = {Khajehnejad, Ahmad and Khajehnejad, Moein and Babaei, Mahmoudreza and Gummadi, Krishna P. and Weller, Adrian and Mirzasoleiman, Baharan},
  title = {{CrossWalk}},
  year = {2022},
  url = {https://github.com/ahmadkhajehnejad/CrossWalk},
  urldate = {2022-01-24}
}

@misc{Zhou2018,
  doi = {10.48550/ARXIV.1812.08434},
  url = {https://arxiv.org/abs/1812.08434},
  author = {Zhou, Jie and Cui, Ganqu and Hu, Shengding and Zhang, Zhengyan and Yang, Cheng and Liu, Zhiyuan and Wang, Lifeng and Li, Changcheng and Sun, Maosong},
  title = {Graph Neural Networks: A Review of Methods and Applications},
  publisher = {arXiv},
  year = {2018},
  copyright = {arXiv.org perpetual, non-exclusive license}
}

@misc{Keramatfar2022,
  doi = {10.48550/ARXIV.2201.01188},
  url = {https://arxiv.org/abs/2201.01188},
  author = {Keramatfar, Abdalsamad and Rafiee, Mohadeseh and Amirkhani, Hossein},  
  title = {Graph Neural Networks: a bibliometrics overview},
  publisher = {arXiv},
  year = {2022},
  copyright = {Creative Commons Attribution 4.0 International}
}

@misc{Zhang2022,
  doi = {10.48550/ARXIV.2202.07170},
  url = {https://arxiv.org/abs/2202.07170},
  author = {Zhang, Wenbin and Weiss, Jeremy C. and Zhou, Shuigeng and Walsh, Toby},
  title = {Fairness Amidst Non-IID Graph Data: A Literature Review},
  publisher = {arXiv},
  year = {2022},
  copyright = {Creative Commons Zero v1.0 Universal}
}

@inproceedings{Perozzi2014,
  author = {Perozzi, Bryan and Al-Rfou, Rami and Skiena, Steven},
  title = {{DeepWalk: Online Learning of Social Representations}},
  year = {2014},
  isbn = {9781450329569},
  publisher = {Association for Computing Machinery},
  address = {New York, NY, USA},
  url = {https://doi.org/10.1145/2623330.2623732},
  doi = {10.1145/2623330.2623732},
  booktitle = {Proceedings of the 20th ACM SIGKDD International Conference on Knowledge Discovery and Data Mining},
  pages = {701–710},
  numpages = {10},
  location = {New York, New York, USA},
  series = {KDD '14}
}

@inproceedings{Grover2016,
  author = {Grover, Aditya and Leskovec, Jure},
  title = {Node2vec: Scalable Feature Learning for Networks},
  year = {2016},
  isbn = {9781450342322},
  publisher = {Association for Computing Machinery},
  address = {New York, NY, USA},
  url = {https://doi.org/10.1145/2939672.2939754},
  doi = {10.1145/2939672.2939754},
  booktitle = {Proceedings of the 22nd ACM SIGKDD International Conference on Knowledge Discovery and Data Mining},
  pages = {855–864},
  numpages = {10},
  location = {San Francisco, California, USA},
  series = {KDD '16}
}

@inproceedings{mikolov2013efficient,
  author = {Tom{\'{a}}s Mikolov and Kai Chen and Greg Corrado and Jeffrey Dean},
  editor = {Yoshua Bengio and Yann LeCun},
  title = {Efficient Estimation of Word Representations in Vector Space},
  booktitle = {1st International Conference on Learning Representations, {ICLR} 2013,
               Scottsdale, Arizona, USA, May 2-4, 2013, Workshop Track Proceedings},
  year = {2013},
  url = {http://arxiv.org/abs/1301.3781},
  timestamp = {Mon, 28 Dec 2020 11:31:01 +0100},
  biburl = {https://dblp.org/rec/journals/corr/abs-1301-3781.bib},
  bibsource = {dblp computer science bibliography, https://dblp.org}
}

@inproceedings{kingma2014adam,
  author = {Diederik P. Kingma and Jimmy Ba},
  editor = {Yoshua Bengio and Yann LeCun},
  title = {{Adam: {A} Method for Stochastic Optimization}},
  booktitle = {3rd International Conference on Learning Representations, {ICLR} 2015,
               San Diego, CA, USA, May 7-9, 2015, Conference Track Proceedings},
  year = {2015},
  url = {http://arxiv.org/abs/1412.6980},
  timestamp = {Thu, 25 Jul 2019 14:25:37 +0200},
  biburl = {https://dblp.org/rec/journals/corr/KingmaB14.bib},
  bibsource = {dblp computer science bibliography, https://dblp.org}
}

@techreport{Zhu2002,
  author = {Zhu, Xiaojin and Zoubin, Ghahramani},
  title = {Learning from labeled and unlabeled data with label propagation},
  institution = {Center for Automated Learning and Discovery, School of Computer Science, Carnegie Mellon University},
  year = {2002},
  number = {CMU-CALD-02-107},
  month = {6}
}

@article{Kempe2015,
  doi = {10.4086/toc.2015.v011a004},
  url = {https://doi.org/10.4086/toc.2015.v011a004},
  year = {2015},
  publisher = {Theory of Computing Exchange},
  volume = {11},
  number = {1},
  pages = {105--147},
  author = {David Kempe and Jon Kleinberg and Eva Tardos},
  title = {},
  journal = {Theory of Computing}
}

@inproceedings{Mislove2010,
  doi = {10.1145/1718487.1718519},
  url = {https://doi.org/10.1145/1718487.1718519},
  year = {2010},
  month = feb,
  publisher = {{ACM}},
  author = {Alan Mislove and Bimal Viswanath and Krishna P. Gummadi and Peter Druschel},
  title = {You are who you know},
  booktitle = {Proceedings of the third {ACM} international conference on Web search and data mining}
}

@article{Cha2010,
  doi = {10.1609/icwsm.v4i1.14033},
  url = {https://doi.org/10.1609/icwsm.v4i1.14033},
  year = {2010},
  month = may,
  publisher = {Association for the Advancement of Artificial Intelligence ({AAAI})},
  volume = {4},
  number = {1},
  pages = {10--17},
  author = {Meeyoung Cha and Hamed Haddadi and Fabricio Benevenuto and Krishna Gummadi},
  title = {Measuring User Influence in Twitter: The Million Follower Fallacy},
  journal = {Proceedings of the International {AAAI} Conference on Web and Social Media}
}

@inproceedings{Babaei2016,
  doi = {10.1145/2835776.2835826},
  url = {https://doi.org/10.1145/2835776.2835826},
  year = {2016},
  month = feb,
  publisher = {{ACM}},
  author = {Mahmoudreza Babaei and Przemyslaw Grabowicz and Isabel Valera and Krishna P. Gummadi and Manuel Gomez-Rodriguez},
  title = {On the Efficiency of the Information Networks in Social Media},
  booktitle = {Proceedings of the Ninth {ACM} International Conference on Web Search and Data Mining}
}

@inproceedings{Rehurek2010,
      title = {{Software Framework for Topic Modelling with Large Corpora}},
      author = {Radim {\v R}eh{\r u}{\v r}ek and Petr Sojka},
      booktitle = {{Proceedings of the LREC 2010 Workshop on New
           Challenges for NLP Frameworks}},
      pages = {45--50},
      year = 2010,
      month = May,
      day = 22,
      publisher = {ELRA},
      address = {Valletta, Malta},
      note={\url{http://is.muni.cz/publication/884893/en}},
      language={English}
}

@inproceedings{Rahman2019,
author = {Rahman, Tahleen and Surma, Bartlomiej and Backes, Michael and Zhang, Yang},
title = {Fairwalk: Towards Fair Graph Embedding},
year = {2019},
isbn = {9780999241141},
publisher = {AAAI Press},
booktitle = {Proceedings of the 28th International Joint Conference on Artificial Intelligence},
pages = {3289–3295},
numpages = {7},
location = {Macao, China},
series = {IJCAI'19}
}

@article{Rougier:2018,
  doi = {10.1038/d41586-018-04628-w},
  year = {2018},
  month = apr,
  publisher = {Springer Nature},
  volume = {556},
  number = {7701},
  pages = {309--309},
  author = {Rougier, Nicolas P. and Hinsen, Konrad},
  title = {Code reviewing puts extra demands on referees },
  journal = {Nature},
}

@article{Science:2018,
  doi = {10.1126/science.359.6377.725},
  author = {Hutson, Matthew},
  url = {http://science.sciencemag.org/content/359/6377/725},
  year = {2018},
  month = feb,
  volume = {359},
  number = {6377},
  title = {Artificial intelligence faces a replication crisis},
  journal = {Science},
}

@Misc{Roboto:2011,
  author =       {Christian Robertson},
  title =        {The Roboto family of fonts (Google)},
  url =          {https://github.com/google/roboto},
  year =         2011,
  note =         {Apache License, verison 2.0},
}

@Misc{SourceSerifPro:2014,
  author =       {Frank Grießhammer},
  title =        {Source Serif Pro (Adobe Systems)},
  url =          {https://github.com/adobe-fonts/source-serif-pro},
  year =         2014,
  note =         {SIL Open Font License, version 1.1},
}

@Misc{SourceCodePro:2012,
  author =       {Paul D. Hunt},
  title =        {Source Code Pro (Adobe Systems)},
  url =          {https://github.com/adobe-fonts/source-code-pro},
  year =         2012,
  note =         {SIL Open Font License, version 1.1},
}

@article{Topalidou:2015,
  author =       {Topalidou, Meropi and Rougier, Nicolas P.},
  title =        {{[Re] Interaction between cognitive and motor cortico-basal
                  ganglia loops during decision making: a computational study}},
  journal =      {ReScience},
  year =         2015,
  volume =       1,
  number =       1,
  doi =          {10.5281/zenodo.27944},
}

@article{Rougier:2017,
  doi =          {10.7717/peerj-cs.142},
  author =       {Nicolas P. Rougier and Konrad Hinsen and Frédéric Alexandre
                  and Thomas Arildsen and Lorena Barba and Fabien
                  C. Y. Benureau and C. Titus Brown and Pierre de Buyl and Ozan
                  Caglayan and Andrew P. Davison and Marc André Delsuc and
                  Georgios Detorakis and Alexandra K. Diem and Damien Drix and
                  Pierre Enel and Benoît Girard and Olivia Guest and Matt
                  G. Hall and Rafael Neto Henriques and Xavier Hinaut and Kamil
                  S Jaron and Mehdi Khamassi and Almar Klein and Tiina Manninen
                  and Pietro Marchesi and Dan McGlinn and Christoph Metzner and
                  Owen L. Petchey and Hans Ekkehard Plesser and Timothée Poisot
                  and Karthik Ram and Yoav Ram and Etienne Roesch and Cyrille
                  Rossant and Vahid Rostami and Aaron Shifman and Joseph
                  Stachelek and Marcel Stimberg and Frank Stollmeier and
                  Federico Vaggi and Guillaume Viejo and Julien Vitay and Anya
                  Vostinar and Roman Yurchak and Tiziano Zito},
  title =        {{Sustainable computational science: the ReScience
                  initiative}},
  journal =      {{PeerJ} Computer Science},
  month =        12,
  volume =       3,
  pages =        {e142},
  year =         2017,
  github =       {https://github.com/ReScience/ReScience-article-2},
  keywords =     {journal},
  tags =         {OS},
}

@article{Sinha:2022,
  author = {Sinha, Koustuv and Dodge, Jesse and Luccioni, Sasha and Forde, Jessica Zosa and Raparthy, Sharath Chandra and Pineau, Joelle and Stojnic, Robert},
  title = {{ML Reproducibility Challenge 2021}},
  journal = {ReScience C},
  year = {2022},
  month = may,
  volume = {8},
  number = {2},
  pages = {{#48}},
  doi = {10.5281/zenodo.6574723},
  url = {https://zenodo.org/record/6574723/files/article.pdf},
  code_url = {},
  code_doi = {},
  code_swh = {},
  data_url = {},
  data_doi = {},
  review_url = {},
  type = {Editorial},
  language = {Python},
  domain = {ML Reproducibility Challenge 2021},
  keywords = {rescience c, machine learning, deep learning, python, pytorch}
}

@article{Sinha:2021,
  author = {Sinha, Koustuv and Dodge, Jesse and Luccioni, Sasha and Forde, Jessica Zosa and Stojnic, Robert and Pineau, Joelle},
  title = {{ML Reproducibility Challenge 2020}},
  journal = {ReScience C},
  year = {2021},
  month = may,
  volume = {7},
  number = {2},
  pages = {{#1}},
  doi = {10.5281/zenodo.4833117},
  url = {https://zenodo.org/record/4833117/files/article.pdf},
  code_url = {},
  code_doi = {},
  code_swh = {},
  data_url = {},
  data_doi = {},
  review_url = {},
  type = {Editorial},
  language = {},
  domain = {},
  keywords = {machine learning, neurips, reproducibility challenge}
}

@article{Sinha:2020,
  author = {Sinha, Koustuv and Pineau, Joelle and Forde, Jessica and Ke, Rosemary Nan and Larochelle, Hugo},
  title = {{NeurIPS 2019 Reproducibility Challenge}},
  journal = {ReScience C},
  year = {2020},
  month = may,
  volume = {6},
  number = {2},
  pages = {{#11}},
  doi = {10.5281/zenodo.3818627},
  url = {https://zenodo.org/record/3818627/files/article.pdf},
  code_url = {},
  code_doi = {},
  code_swh = {},
  data_url = {},
  data_doi = {},
  review_url = {},
  type = {Editorial},
  language = {},
  domain = {},
  keywords = {machine learning, neurips, reproducibility challenge}
}

@article{Pineau:2019,
  author = {Pineau, Joelle and Sinha, Koustuv and Fried, Genevieve and Ke, Rosemary Nan and Larochelle, Hugo},
  title = {{ICLR Reproducibility Challenge 2019}},
  journal = {ReScience C},
  year = {2019},
  month = may,
  volume = {5},
  number = {2},
  pages = {{#5}},
  doi = {10.5281/zenodo.3158244},
  url = {https://zenodo.org/record/3158244/files/article.pdf},
  code_url = {},
  code_doi = {},
  data_url = {},
  data_doi = {},
  review_url = {https://github.com/ReScience/submissions/issues/5},
  type = {Editorial},
  language = {},
  domain = {},
  keywords = {machine learning, ICLR, reproducibility challenge}
}

@inproceedings{rehurek_lrec,
      title = {{Software Framework for Topic Modelling with Large Corpora}},
      author = {Radim {\v R}eh{\r u}{\v r}ek and Petr Sojka},
      booktitle = {{Proceedings of the LREC 2010 Workshop on New
           Challenges for NLP Frameworks}},
      pages = {45--50},
      year = 2010,
      month = May,
      day = 22,
      publisher = {ELRA},
      address = {Valletta, Malta},
      note={\url{http://is.muni.cz/publication/884893/en}},
      language={English}
}