% Encoding: UTF-8

@InProceedings{Garnot20:SIT,
  author    = {Garnot, Vivien Sainte Fare and Landrieu, Loic and Giordano, Sebastien and Chehata, Nesrine},
  booktitle = {IEEE/CVF Conference on Computer Vision and Pattern Recognition (CVPR)},
  title     = {Satellite Image Time Series Classification with Pixel-Set Encoders and Temporal Self-Attention},
  doi       = {10.1109/CVPR42600.2020.01234},
  pages     = {12322--12331},
  file      = {:pdf/Garnot20_SIT.pdf:PDF},
  year      = {2020},
}

@InProceedings{Vaswani17:Attention,
  author    = {Vaswani, Ashish and Shazeer, Noam and Parmar, Niki and Uszkoreit, Jakob and Jones, Llion and Gomez, Aidan N and Kaiser, {\L}ukasz and Polosukhin, Illia},
  title     = {Attention is All you Need},
  booktitle = {Advances in Neural Information Processing Systems (NIPS)},
  year      = {2017},
  volume    = {30},
  pages     = {5998--6008},
  file      = {:pdf/Vaswani17_Attention.pdf:PDF},
}

@InCollection{Paszke19:Pytorch,
  author    = {Paszke, Adam and Gross, Sam and Massa, Francisco and Lerer, Adam and Bradbury, James and Chanan, Gregory and Killeen, Trevor and Lin, Zeming and Gimelshein, Natalia and Antiga, Luca and Desmaison, Alban and Kopf, Andreas and Yang, Edward and DeVito, Zachary and Raison, Martin and Tejani, Alykhan and Chilamkurthy, Sasank and Steiner, Benoit and Fang, Lu and Bai, Junjie and Chintala, Soumith},
  title     = {PyTorch: An Imperative Style, High-Performance Deep Learning Library},
  booktitle = {Advances in Neural Information Processing Systems (NeurIPS)},
  year      = {2019},
  volume    = {32},
  pages     = {8024--8035},
  file      = {:pdf/Paszke19_Pytorch.pdf:PDF},
}

@InCollection{Lary18:MLA,
  author    = {Lary, David J. and Zewdie, Gebreab K. and Liu, Xun and Wu, Daji and Levetin, Estelle and Allee, Rebecca J. and Malakar, Nabin and Walker, Annette and Mussa, Hamse and Mannino, Antonio and Aurin, Dirk},
  booktitle = {Earth Observation Open Science and Innovation},
  title     = {Machine Learning Applications for Earth Observation},
  doi       = {10.1007/978-3-319-65633-5_8},
  editor    = {Mathieu, Pierre-Philippe and Aubrecht, Christoph},
  isbn      = {978-3-319-65633-5},
  pages     = {165--218},
  publisher = {Springer International Publishing},
  series    = {ISSI Scientific Report Series},
  volume    = {15},
  file      = {:/home/koerner/doc/papers/2020_RC/Reproducibility_Challenge_2020/bib/pdf/Lary18_MLA.pdf:PDF;:/home/koerner/doc/papers/2020_RC/Reproducibility_Challenge_2020/bib/pdf/2018_Book_EarthObservationOpenScienceAnd.pdf:PDF},
  year      = {2018},
}

@InBook{Spiker07:SSA,
  author    = {Spiker, J. Scott and Warner, Timothy A.},
  booktitle = {Geo-Spatial Technologies in Urban Environments: Policy, Practice, and Pixels},
  title     = {Scale and Spatial Autocorrelation From A Remote Sensing Perspective},
  chapter   = {10},
  doi       = {10.1007/978-3-540-69417-5_10},
  editor    = {Jensen, Ryan R. and Gatrell, Jay D. and McLean, Daniel},
  isbn      = {978-3-540-69417-5},
  pages     = {197--213},
  publisher = {Springer Berlin Heidelberg},
  address   = {Berlin, Heidelberg},
  file      = {:/home/koerner/doc/papers/2020_RC/Reproducibility_Challenge_2020/bib/pdf/Spiker07_SSA.pdf:PDF},
  year      = {2007},
}

@Article{Maxwell18:IML,
  author    = {Maxwell, Aaron E. and Warner, Timothy A. and Fang, Fang},
  title     = {Implementation of machine-learning classification in remote sensing: an applied review},
  doi       = {10.1080/01431161.2018.1433343},
  number    = {9},
  pages     = {2784--2817},
  volume    = {39},
  file      = {:/home/koerner/doc/papers/2020_RC/Reproducibility_Challenge_2020/bib/pdf/Maxwell18_IML.pdf:PDF},
  journal   = {International Journal of Remote Sensing},
  publisher = {Taylor & Francis},
  year      = {2018},
}

@Article{DAmour20:UPC,
  author      = {Alexander D'Amour and Katherine Heller and Dan Moldovan and Ben Adlam and Babak Alipanahi and Alex Beutel and Christina Chen and Jonathan Deaton and Jacob Eisenstein and Matthew D. Hoffman and Farhad Hormozdiari and Neil Houlsby and Shaobo Hou and Ghassen Jerfel and Alan Karthikesalingam and Mario Lucic and Yian Ma and Cory McLean and Diana Mincu and Akinori Mitani and Andrea Montanari and Zachary Nado and Vivek Natarajan and Christopher Nielson and Thomas F. Osborne and Rajiv Raman and Kim Ramasamy and Rory Sayres and Jessica Schrouff and Martin Seneviratne and Shannon Sequeira and Harini Suresh and Victor Veitch and Max Vladymyrov and Xuezhi Wang and Kellie Webster and Steve Yadlowsky and Taedong Yun and Xiaohua Zhai and D. Sculley},
  date        = {2020-11-06},
  title       = {Underspecification Presents Challenges for Credibility in Modern Machine Learning},
  eprint      = {2011.03395},
  eprintclass = {cs.LG, stat.ML},
  eprinttype  = {arXiv},
  file        = {:/home/koerner/doc/papers/2020_RC/Reproducibility_Challenge_2020/bib/pdf/DAmour20_UPC.pdf:PDF},
  keywords    = {cs.LG, stat.ML},
}

@Comment{jabref-meta: databaseType:biblatex;}
